browser_codename,browser_name,browser_version,condition,congruence,correct,counterbalance,date_startdate,date_startdateUTC,date_starttime,experiment_debug,experiment_parameters,experiment_pilot,experiment_taskname,experiment_taskversion,jatosStudyResultId,jatosVersion,prime,queryParams_batchId,queryParams_generalMultiple,response_time,screen_availableHeight,screen_availableWidth,screen_colorDepth,screen_height,screen_pixelDepth,screen_screenX,screen_screenY,screen_width,soa_condition,system_os,target,time_mask1,time_mask2,time_prime
Mozilla,Netscape,"5.0 (Macintosh; Intel Mac OS X 10_13_4) AppleWebKit/537.36 (KHTML, like Gecko) Chrome/106.0.0.0 Safari/537.36",practice,practice,1,None,07-10-22,07-10-22,16:48:43,0,0,0,0,0,799,3.6.1,iweonf,240,,936,733,1280,24,800,24,0,23,1280,practice,MacIntel,BOAT,85460,85542,85494
Mozilla,Netscape,"5.0 (Macintosh; Intel Mac OS X 10_13_4) AppleWebKit/537.36 (KHTML, like Gecko) Chrome/106.0.0.0 Safari/537.36",practice,practice,1,None,07-10-22,07-10-22,16:48:43,0,0,0,0,0,799,3.6.1,snjghf,240,,967,733,1280,24,800,24,0,23,1280,practice,MacIntel,SHEEP,87078,87161,87127
Mozilla,Netscape,"5.0 (Macintosh; Intel Mac OS X 10_13_4) AppleWebKit/537.36 (KHTML, like Gecko) Chrome/106.0.0.0 Safari/537.36",practice,practice,1,None,07-10-22,07-10-22,16:48:43,0,0,0,0,0,799,3.6.1,nvoiuh,240,,949,733,1280,24,800,24,0,23,1280,practice,MacIntel,HOUSE,88744,88810,88777
Mozilla,Netscape,"5.0 (Macintosh; Intel Mac OS X 10_13_4) AppleWebKit/537.36 (KHTML, like Gecko) Chrome/106.0.0.0 Safari/537.36",practice,practice,1,None,07-10-22,07-10-22,16:48:43,0,0,0,0,0,799,3.6.1,abjdhjs,240,,939,733,1280,24,800,24,0,23,1280,practice,MacIntel,HORSE,90361,90445,90396
Mozilla,Netscape,"5.0 (Macintosh; Intel Mac OS X 10_13_4) AppleWebKit/537.36 (KHTML, like Gecko) Chrome/106.0.0.0 Safari/537.36",Con_Synth,congruent,1,A,07-10-22,07-10-22,16:48:43,0,0,0,0,0,799,3.6.1,rope,240,,824,733,1280,24,800,24,0,23,1280,short,MacIntel,ROPE,97642,97726,97676
Mozilla,Netscape,"5.0 (Macintosh; Intel Mac OS X 10_13_4) AppleWebKit/537.36 (KHTML, like Gecko) Chrome/106.0.0.0 Safari/537.36",Con_Nat,congruent,1,A,07-10-22,07-10-22,16:48:43,0,0,0,0,0,799,3.6.1,puppy,240,,796,733,1280,24,800,24,0,23,1280,short,MacIntel,PUPPY,99159,99242,99193
Mozilla,Netscape,"5.0 (Macintosh; Intel Mac OS X 10_13_4) AppleWebKit/537.36 (KHTML, like Gecko) Chrome/106.0.0.0 Safari/537.36",Inc_Synth_Synth,incongruent,0,A,07-10-22,07-10-22,16:48:43,0,0,0,0,0,799,3.6.1,silo,240,,881,733,1280,24,800,24,0,23,1280,short,MacIntel,PLAZA,100626,100693,100659
Mozilla,Netscape,"5.0 (Macintosh; Intel Mac OS X 10_13_4) AppleWebKit/537.36 (KHTML, like Gecko) Chrome/106.0.0.0 Safari/537.36",Con_Synth,congruent,1,A,07-10-22,07-10-22,16:48:43,0,0,0,0,0,799,3.6.1,toast,240,,1243,733,1280,24,800,24,0,23,1280,short,MacIntel,TOAST,102160,102228,102194
Mozilla,Netscape,"5.0 (Macintosh; Intel Mac OS X 10_13_4) AppleWebKit/537.36 (KHTML, like Gecko) Chrome/106.0.0.0 Safari/537.36",Con_Nat,congruent,1,A,07-10-22,07-10-22,16:48:43,0,0,0,0,0,799,3.6.1,cave,240,,1956,733,1280,24,800,24,0,23,1280,short,MacIntel,CAVE,104078,104178,104128
Mozilla,Netscape,"5.0 (Macintosh; Intel Mac OS X 10_13_4) AppleWebKit/537.36 (KHTML, like Gecko) Chrome/106.0.0.0 Safari/537.36",Con_Synth,congruent,1,A,07-10-22,07-10-22,16:48:43,0,0,0,0,0,799,3.6.1,tank,240,,1963,733,1280,24,800,24,0,23,1280,short,MacIntel,TANK,106729,106796,106762
Mozilla,Netscape,"5.0 (Macintosh; Intel Mac OS X 10_13_4) AppleWebKit/537.36 (KHTML, like Gecko) Chrome/106.0.0.0 Safari/537.36",Inc_Synth_Synth,incongruent,0,A,07-10-22,07-10-22,16:48:43,0,0,0,0,0,799,3.6.1,wharf,240,,1112,733,1280,24,800,24,0,23,1280,short,MacIntel,RAZOR,109354,109421,109388
Mozilla,Netscape,"5.0 (Macintosh; Intel Mac OS X 10_13_4) AppleWebKit/537.36 (KHTML, like Gecko) Chrome/106.0.0.0 Safari/537.36",Con_Nat,congruent,1,A,07-10-22,07-10-22,16:48:43,0,0,0,0,0,799,3.6.1,corn,240,,1257,733,1280,24,800,24,0,23,1280,short,MacIntel,CORN,111122,111189,111155
Mozilla,Netscape,"5.0 (Macintosh; Intel Mac OS X 10_13_4) AppleWebKit/537.36 (KHTML, like Gecko) Chrome/106.0.0.0 Safari/537.36",Con_Nat,congruent,1,A,07-10-22,07-10-22,16:48:43,0,0,0,0,0,799,3.6.1,seed,240,,1043,733,1280,24,800,24,0,23,1280,short,MacIntel,SEED,113056,113123,113090
Mozilla,Netscape,"5.0 (Macintosh; Intel Mac OS X 10_13_4) AppleWebKit/537.36 (KHTML, like Gecko) Chrome/106.0.0.0 Safari/537.36",Inc_Nat_Nat,incongruent,0,A,07-10-22,07-10-22,16:48:43,0,0,0,0,0,799,3.6.1,cobra,240,,2019,733,1280,24,800,24,0,23,1280,short,MacIntel,TWIG,114756,114840,114790
Mozilla,Netscape,"5.0 (Macintosh; Intel Mac OS X 10_13_4) AppleWebKit/537.36 (KHTML, like Gecko) Chrome/106.0.0.0 Safari/537.36",Inc_Synth_Nat,incongruent,0,A,07-10-22,07-10-22,16:48:43,0,0,0,0,0,799,3.6.1,arena,240,,1127,733,1280,24,800,24,0,23,1280,short,MacIntel,VINE,117441,117525,117475
Mozilla,Netscape,"5.0 (Macintosh; Intel Mac OS X 10_13_4) AppleWebKit/537.36 (KHTML, like Gecko) Chrome/106.0.0.0 Safari/537.36",Con_Nat,congruent,1,A,07-10-22,07-10-22,16:48:43,0,0,0,0,0,799,3.6.1,daisy,240,,957,733,1280,24,800,24,0,23,1280,short,MacIntel,DAISY,119259,119327,119292
Mozilla,Netscape,"5.0 (Macintosh; Intel Mac OS X 10_13_4) AppleWebKit/537.36 (KHTML, like Gecko) Chrome/106.0.0.0 Safari/537.36",Con_Nat,congruent,1,A,07-10-22,07-10-22,16:48:43,0,0,0,0,0,799,3.6.1,goose,240,,874,733,1280,24,800,24,0,23,1280,short,MacIntel,GOOSE,120894,120977,120929
Mozilla,Netscape,"5.0 (Macintosh; Intel Mac OS X 10_13_4) AppleWebKit/537.36 (KHTML, like Gecko) Chrome/106.0.0.0 Safari/537.36",Con_Nat,congruent,1,A,07-10-22,07-10-22,16:48:43,0,0,0,0,0,799,3.6.1,grass,240,,1252,733,1280,24,800,24,0,23,1280,short,MacIntel,GRASS,122445,122528,122479
Mozilla,Netscape,"5.0 (Macintosh; Intel Mac OS X 10_13_4) AppleWebKit/537.36 (KHTML, like Gecko) Chrome/106.0.0.0 Safari/537.36",Con_Nat,congruent,1,A,07-10-22,07-10-22,16:48:43,0,0,0,0,0,799,3.6.1,tiger,240,,749,733,1280,24,800,24,0,23,1280,short,MacIntel,TIGER,124363,124463,124413
Mozilla,Netscape,"5.0 (Macintosh; Intel Mac OS X 10_13_4) AppleWebKit/537.36 (KHTML, like Gecko) Chrome/106.0.0.0 Safari/537.36",Inc_Nat_Synth,incongruent,1,A,07-10-22,07-10-22,16:48:43,0,0,0,0,0,799,3.6.1,peach,240,,1204,733,1280,24,800,24,0,23,1280,short,MacIntel,SHED,125796,125864,125830
Mozilla,Netscape,"5.0 (Macintosh; Intel Mac OS X 10_13_4) AppleWebKit/537.36 (KHTML, like Gecko) Chrome/106.0.0.0 Safari/537.36",Inc_Synth_Synth,incongruent,0,A,07-10-22,07-10-22,16:48:43,0,0,0,0,0,799,3.6.1,kiosk,240,,688,733,1280,24,800,24,0,23,1280,short,MacIntel,SOFA,127680,127747,127713
Mozilla,Netscape,"5.0 (Macintosh; Intel Mac OS X 10_13_4) AppleWebKit/537.36 (KHTML, like Gecko) Chrome/106.0.0.0 Safari/537.36",Con_Nat,congruent,1,A,07-10-22,07-10-22,16:48:43,0,0,0,0,0,799,3.6.1,deer,240,,881,733,1280,24,800,24,0,23,1280,short,MacIntel,DEER,129031,129099,129064
Mozilla,Netscape,"5.0 (Macintosh; Intel Mac OS X 10_13_4) AppleWebKit/537.36 (KHTML, like Gecko) Chrome/106.0.0.0 Safari/537.36",Con_Nat,congruent,0,A,07-10-22,07-10-22,16:48:43,0,0,0,0,0,799,3.6.1,creek,240,,2001,733,1280,24,800,24,0,23,1280,short,MacIntel,CREEK,130579,130646,130613
Mozilla,Netscape,"5.0 (Macintosh; Intel Mac OS X 10_13_4) AppleWebKit/537.36 (KHTML, like Gecko) Chrome/106.0.0.0 Safari/537.36",Con_Synth,congruent,1,A,07-10-22,07-10-22,16:48:43,0,0,0,0,0,799,3.6.1,cable,240,,1028,733,1280,24,800,24,0,23,1280,short,MacIntel,CABLE,133230,133315,133264
Mozilla,Netscape,"5.0 (Macintosh; Intel Mac OS X 10_13_4) AppleWebKit/537.36 (KHTML, like Gecko) Chrome/106.0.0.0 Safari/537.36",Inc_Nat_Synth,incongruent,1,A,07-10-22,07-10-22,16:48:43,0,0,0,0,0,799,3.6.1,crow,240,,999,733,1280,24,800,24,0,23,1280,short,MacIntel,YACHT,134948,135031,134983
Mozilla,Netscape,"5.0 (Macintosh; Intel Mac OS X 10_13_4) AppleWebKit/537.36 (KHTML, like Gecko) Chrome/106.0.0.0 Safari/537.36",Inc_Synth_Synth,incongruent,0,A,07-10-22,07-10-22,16:48:43,0,0,0,0,0,799,3.6.1,spade,240,,1325,733,1280,24,800,24,0,23,1280,short,MacIntel,SHELF,136615,136682,136649
Mozilla,Netscape,"5.0 (Macintosh; Intel Mac OS X 10_13_4) AppleWebKit/537.36 (KHTML, like Gecko) Chrome/106.0.0.0 Safari/537.36",Inc_Synth_Nat,incongruent,1,A,07-10-22,07-10-22,16:48:43,0,0,0,0,0,799,3.6.1,sewer,240,,988,733,1280,24,800,24,0,23,1280,short,MacIntel,CORAL,138599,138667,138633
Mozilla,Netscape,"5.0 (Macintosh; Intel Mac OS X 10_13_4) AppleWebKit/537.36 (KHTML, like Gecko) Chrome/106.0.0.0 Safari/537.36",Con_Nat,congruent,1,A,07-10-22,07-10-22,16:48:43,0,0,0,0,0,799,3.6.1,worm,240,,1251,733,1280,24,800,24,0,23,1280,short,MacIntel,WORM,140251,140334,140284
Mozilla,Netscape,"5.0 (Macintosh; Intel Mac OS X 10_13_4) AppleWebKit/537.36 (KHTML, like Gecko) Chrome/106.0.0.0 Safari/537.36",Con_Synth,congruent,1,A,07-10-22,07-10-22,16:48:43,0,0,0,0,0,799,3.6.1,gate,240,,1205,733,1280,24,800,24,0,23,1280,short,MacIntel,GATE,142184,142250,142217
Mozilla,Netscape,"5.0 (Macintosh; Intel Mac OS X 10_13_4) AppleWebKit/537.36 (KHTML, like Gecko) Chrome/106.0.0.0 Safari/537.36",Inc_Nat_Nat,incongruent,0,A,07-10-22,07-10-22,16:48:43,0,0,0,0,0,799,3.6.1,lime,240,,2017,733,1280,24,800,24,0,23,1280,short,MacIntel,GULLY,144052,144134,144100
Mozilla,Netscape,"5.0 (Macintosh; Intel Mac OS X 10_13_4) AppleWebKit/537.36 (KHTML, like Gecko) Chrome/106.0.0.0 Safari/537.36",Con_Nat,congruent,0,A,07-10-22,07-10-22,16:48:43,0,0,0,0,0,799,3.6.1,hawk,240,,1167,733,1280,24,800,24,0,23,1280,short,MacIntel,HAWK,146736,146836,146786
Mozilla,Netscape,"5.0 (Macintosh; Intel Mac OS X 10_13_4) AppleWebKit/537.36 (KHTML, like Gecko) Chrome/106.0.0.0 Safari/537.36",Con_Synth,congruent,1,A,07-10-22,07-10-22,16:48:43,0,0,0,0,0,799,3.6.1,sword,240,,1676,733,1280,24,800,24,0,23,1280,short,MacIntel,SWORD,148621,148704,148669
Mozilla,Netscape,"5.0 (Macintosh; Intel Mac OS X 10_13_4) AppleWebKit/537.36 (KHTML, like Gecko) Chrome/106.0.0.0 Safari/537.36",Con_Synth,congruent,1,A,07-10-22,07-10-22,16:48:43,0,0,0,0,0,799,3.6.1,drug,240,,951,733,1280,24,800,24,0,23,1280,short,MacIntel,DRUG,151000,151068,151033
Mozilla,Netscape,"5.0 (Macintosh; Intel Mac OS X 10_13_4) AppleWebKit/537.36 (KHTML, like Gecko) Chrome/106.0.0.0 Safari/537.36",Inc_Nat_Synth,incongruent,1,A,07-10-22,07-10-22,16:48:43,0,0,0,0,0,799,3.6.1,toad,240,,1166,733,1280,24,800,24,0,23,1280,short,MacIntel,GLOVE,152618,152701,152652
Mozilla,Netscape,"5.0 (Macintosh; Intel Mac OS X 10_13_4) AppleWebKit/537.36 (KHTML, like Gecko) Chrome/106.0.0.0 Safari/537.36",Inc_Synth_Synth,incongruent,0,A,07-10-22,07-10-22,16:48:43,0,0,0,0,0,799,3.6.1,patio,240,,1004,733,1280,24,800,24,0,23,1280,short,MacIntel,SPOON,154452,154519,154485
Mozilla,Netscape,"5.0 (Macintosh; Intel Mac OS X 10_13_4) AppleWebKit/537.36 (KHTML, like Gecko) Chrome/106.0.0.0 Safari/537.36",Con_Synth,congruent,0,A,07-10-22,07-10-22,16:48:43,0,0,0,0,0,799,3.6.1,bread,240,,831,733,1280,24,800,24,0,23,1280,short,MacIntel,BREAD,156136,156203,156169
Mozilla,Netscape,"5.0 (Macintosh; Intel Mac OS X 10_13_4) AppleWebKit/537.36 (KHTML, like Gecko) Chrome/106.0.0.0 Safari/537.36",Con_Nat,congruent,1,A,07-10-22,07-10-22,16:48:43,0,0,0,0,0,799,3.6.1,whale,240,,1298,733,1280,24,800,24,0,23,1280,short,MacIntel,WHALE,157637,157720,157687
Mozilla,Netscape,"5.0 (Macintosh; Intel Mac OS X 10_13_4) AppleWebKit/537.36 (KHTML, like Gecko) Chrome/106.0.0.0 Safari/537.36",Inc_Nat_Nat,incongruent,0,A,07-10-22,07-10-22,16:48:43,0,0,0,0,0,799,3.6.1,berry,240,,860,733,1280,24,800,24,0,23,1280,short,MacIntel,OTTER,159605,159671,159638
Mozilla,Netscape,"5.0 (Macintosh; Intel Mac OS X 10_13_4) AppleWebKit/537.36 (KHTML, like Gecko) Chrome/106.0.0.0 Safari/537.36",Con_Synth,congruent,1,A,07-10-22,07-10-22,16:48:43,0,0,0,0,0,799,3.6.1,bike,240,,1480,733,1280,24,800,24,0,23,1280,short,MacIntel,BIKE,161127,161211,161161
Mozilla,Netscape,"5.0 (Macintosh; Intel Mac OS X 10_13_4) AppleWebKit/537.36 (KHTML, like Gecko) Chrome/106.0.0.0 Safari/537.36",Inc_Nat_Synth,incongruent,1,A,07-10-22,07-10-22,16:48:43,0,0,0,0,0,799,3.6.1,leaf,240,,984,733,1280,24,800,24,0,23,1280,short,MacIntel,COIN,163295,163362,163328
Mozilla,Netscape,"5.0 (Macintosh; Intel Mac OS X 10_13_4) AppleWebKit/537.36 (KHTML, like Gecko) Chrome/106.0.0.0 Safari/537.36",Inc_Nat_Nat,incongruent,0,A,07-10-22,07-10-22,16:48:43,0,0,0,0,0,799,3.6.1,grape,240,,797,733,1280,24,800,24,0,23,1280,short,MacIntel,LLAMA,164962,165045,164996
Mozilla,Netscape,"5.0 (Macintosh; Intel Mac OS X 10_13_4) AppleWebKit/537.36 (KHTML, like Gecko) Chrome/106.0.0.0 Safari/537.36",Inc_Synth_Nat,incongruent,1,A,07-10-22,07-10-22,16:48:43,0,0,0,0,0,799,3.6.1,harp,240,,1187,733,1280,24,800,24,0,23,1280,short,MacIntel,SNAIL,166429,166496,166463
Mozilla,Netscape,"5.0 (Macintosh; Intel Mac OS X 10_13_4) AppleWebKit/537.36 (KHTML, like Gecko) Chrome/106.0.0.0 Safari/537.36",Inc_Synth_Nat,incongruent,1,A,07-10-22,07-10-22,16:48:43,0,0,0,0,0,799,3.6.1,rake,240,,775,733,1280,24,800,24,0,23,1280,short,MacIntel,HUSKY,168280,168347,168313
Mozilla,Netscape,"5.0 (Macintosh; Intel Mac OS X 10_13_4) AppleWebKit/537.36 (KHTML, like Gecko) Chrome/106.0.0.0 Safari/537.36",Inc_Nat_Nat,incongruent,1,A,07-10-22,07-10-22,16:48:43,0,0,0,0,0,799,3.6.1,fern,240,,1013,733,1280,24,800,24,0,23,1280,short,MacIntel,PETAL,169714,169781,169747
Mozilla,Netscape,"5.0 (Macintosh; Intel Mac OS X 10_13_4) AppleWebKit/537.36 (KHTML, like Gecko) Chrome/106.0.0.0 Safari/537.36",Inc_Synth_Nat,incongruent,1,A,07-10-22,07-10-22,16:48:43,0,0,0,0,0,799,3.6.1,spear,240,,860,733,1280,24,800,24,0,23,1280,short,MacIntel,MOTH,171395,171479,171429
Mozilla,Netscape,"5.0 (Macintosh; Intel Mac OS X 10_13_4) AppleWebKit/537.36 (KHTML, like Gecko) Chrome/106.0.0.0 Safari/537.36",Inc_Nat_Synth,incongruent,1,A,07-10-22,07-10-22,16:48:43,0,0,0,0,0,799,3.6.1,camel,240,,669,733,1280,24,800,24,0,23,1280,short,MacIntel,BENCH,172945,173012,172978
Mozilla,Netscape,"5.0 (Macintosh; Intel Mac OS X 10_13_4) AppleWebKit/537.36 (KHTML, like Gecko) Chrome/106.0.0.0 Safari/537.36",Inc_Synth_Synth,incongruent,0,A,07-10-22,07-10-22,16:48:43,0,0,0,0,0,799,3.6.1,sash,240,,1177,733,1280,24,800,24,0,23,1280,short,MacIntel,CLOTH,174279,174346,174312
Mozilla,Netscape,"5.0 (Macintosh; Intel Mac OS X 10_13_4) AppleWebKit/537.36 (KHTML, like Gecko) Chrome/106.0.0.0 Safari/537.36",Con_Synth,congruent,1,A,07-10-22,07-10-22,16:48:43,0,0,0,0,0,799,3.6.1,tower,240,,927,733,1280,24,800,24,0,23,1280,short,MacIntel,TOWER,176112,176180,176147
Mozilla,Netscape,"5.0 (Macintosh; Intel Mac OS X 10_13_4) AppleWebKit/537.36 (KHTML, like Gecko) Chrome/106.0.0.0 Safari/537.36",Con_Nat,congruent,1,A,07-10-22,07-10-22,16:48:43,0,0,0,0,0,799,3.6.1,frog,240,,702,733,1280,24,800,24,0,23,1280,short,MacIntel,FROG,177697,177764,177731
Mozilla,Netscape,"5.0 (Macintosh; Intel Mac OS X 10_13_4) AppleWebKit/537.36 (KHTML, like Gecko) Chrome/106.0.0.0 Safari/537.36",Con_Nat,congruent,1,A,07-10-22,07-10-22,16:48:43,0,0,0,0,0,799,3.6.1,soil,240,,839,733,1280,24,800,24,0,23,1280,short,MacIntel,SOIL,179065,179149,179115
Mozilla,Netscape,"5.0 (Macintosh; Intel Mac OS X 10_13_4) AppleWebKit/537.36 (KHTML, like Gecko) Chrome/106.0.0.0 Safari/537.36",Con_Synth,congruent,1,A,07-10-22,07-10-22,16:48:43,0,0,0,0,0,799,3.6.1,coat,240,,1385,733,1280,24,800,24,0,23,1280,short,MacIntel,COAT,180599,180681,180648
Mozilla,Netscape,"5.0 (Macintosh; Intel Mac OS X 10_13_4) AppleWebKit/537.36 (KHTML, like Gecko) Chrome/106.0.0.0 Safari/537.36",Inc_Nat_Nat,incongruent,0,A,07-10-22,07-10-22,16:48:43,0,0,0,0,0,799,3.6.1,poppy,240,,2001,733,1280,24,800,24,0,23,1280,short,MacIntel,DINGO,182667,182750,182701
Mozilla,Netscape,"5.0 (Macintosh; Intel Mac OS X 10_13_4) AppleWebKit/537.36 (KHTML, like Gecko) Chrome/106.0.0.0 Safari/537.36",Con_Synth,congruent,0,A,07-10-22,07-10-22,16:48:43,0,0,0,0,0,799,3.6.1,mail,240,,1609,733,1280,24,800,24,0,23,1280,short,MacIntel,MAIL,185335,185403,185368
Mozilla,Netscape,"5.0 (Macintosh; Intel Mac OS X 10_13_4) AppleWebKit/537.36 (KHTML, like Gecko) Chrome/106.0.0.0 Safari/537.36",Nat_Nat_Synth,incongruent,0,A,07-10-22,07-10-22,16:48:43,0,0,0,0,0,799,3.6.1,finch,240,,1030,733,1280,24,800,24,0,23,1280,short,MacIntel,SLOTH,187619,187687,187653
Mozilla,Netscape,"5.0 (Macintosh; Intel Mac OS X 10_13_4) AppleWebKit/537.36 (KHTML, like Gecko) Chrome/106.0.0.0 Safari/537.36",Inc_Nat_Synth,incongruent,1,A,07-10-22,07-10-22,16:48:43,0,0,0,0,0,799,3.6.1,melon,240,,1121,733,1280,24,800,24,0,23,1280,short,MacIntel,HOSE,189320,189387,189354
Mozilla,Netscape,"5.0 (Macintosh; Intel Mac OS X 10_13_4) AppleWebKit/537.36 (KHTML, like Gecko) Chrome/106.0.0.0 Safari/537.36",Inc_Synth_Nat,incongruent,1,A,07-10-22,07-10-22,16:48:43,0,0,0,0,0,799,3.6.1,torch,240,,976,733,1280,24,800,24,0,23,1280,short,MacIntel,CHIMP,191104,191172,191137
Mozilla,Netscape,"5.0 (Macintosh; Intel Mac OS X 10_13_4) AppleWebKit/537.36 (KHTML, like Gecko) Chrome/106.0.0.0 Safari/537.36",Con_Synth,congruent,1,A,07-10-22,07-10-22,16:48:43,0,0,0,0,0,799,3.6.1,belt,240,,1020,733,1280,24,800,24,0,23,1280,short,MacIntel,BELT,192756,192824,192790
Mozilla,Netscape,"5.0 (Macintosh; Intel Mac OS X 10_13_4) AppleWebKit/537.36 (KHTML, like Gecko) Chrome/106.0.0.0 Safari/537.36",Inc_Synth_Nat,incongruent,0,A,07-10-22,07-10-22,16:48:43,0,0,0,0,0,799,3.6.1,ruler,240,,1047,733,1280,24,800,24,0,23,1280,short,MacIntel,PANSY,194457,194540,194507
Mozilla,Netscape,"5.0 (Macintosh; Intel Mac OS X 10_13_4) AppleWebKit/537.36 (KHTML, like Gecko) Chrome/106.0.0.0 Safari/537.36",Inc_Nat_Synth,incongruent,1,A,07-10-22,07-10-22,16:48:43,0,0,0,0,0,799,3.6.1,mice,240,,787,733,1280,24,800,24,0,23,1280,short,MacIntel,TOOLS,196174,196240,196207
Mozilla,Netscape,"5.0 (Macintosh; Intel Mac OS X 10_13_4) AppleWebKit/537.36 (KHTML, like Gecko) Chrome/106.0.0.0 Safari/537.36",Inc_Synth_Nat,incongruent,1,A,07-10-22,07-10-22,16:48:43,0,0,0,0,0,799,3.6.1,rail,240,,1743,733,1280,24,800,24,0,23,1280,short,MacIntel,SQUID,197625,197693,197659
Mozilla,Netscape,"5.0 (Macintosh; Intel Mac OS X 10_13_4) AppleWebKit/537.36 (KHTML, like Gecko) Chrome/106.0.0.0 Safari/537.36",Con_Synth,congruent,1,A,07-10-22,07-10-22,16:48:43,0,0,0,0,0,799,3.6.1,paint,240,,839,733,1280,24,800,24,0,23,1280,short,MacIntel,PAINT,200043,200109,200076
Mozilla,Netscape,"5.0 (Macintosh; Intel Mac OS X 10_13_4) AppleWebKit/537.36 (KHTML, like Gecko) Chrome/106.0.0.0 Safari/537.36",Inc_Nat_Synth,incongruent,1,A,07-10-22,07-10-22,16:48:43,0,0,0,0,0,799,3.6.1,water,240,,1265,733,1280,24,800,24,0,23,1280,short,MacIntel,MEDAL,201543,201627,201578
Mozilla,Netscape,"5.0 (Macintosh; Intel Mac OS X 10_13_4) AppleWebKit/537.36 (KHTML, like Gecko) Chrome/106.0.0.0 Safari/537.36",Inc_Synth_Synth,incongruent,0,A,07-10-22,07-10-22,16:48:43,0,0,0,0,0,799,3.6.1,ladle,240,,853,733,1280,24,800,24,0,23,1280,short,MacIntel,CAFÉ,203507,203574,203540
Mozilla,Netscape,"5.0 (Macintosh; Intel Mac OS X 10_13_4) AppleWebKit/537.36 (KHTML, like Gecko) Chrome/106.0.0.0 Safari/537.36",Con_Synth,congruent,1,A,07-10-22,07-10-22,16:48:43,0,0,0,0,0,799,3.6.1,doll,240,,1000,733,1280,24,800,24,0,23,1280,short,MacIntel,DOLL,205041,205107,205074
Mozilla,Netscape,"5.0 (Macintosh; Intel Mac OS X 10_13_4) AppleWebKit/537.36 (KHTML, like Gecko) Chrome/106.0.0.0 Safari/537.36",Inc_Synth_Synth,incongruent,0,A,07-10-22,07-10-22,16:48:43,0,0,0,0,0,799,3.6.1,cake,240,,1416,733,1280,24,800,24,0,23,1280,long,MacIntel,TRASH,205041,216152,216118
Mozilla,Netscape,"5.0 (Macintosh; Intel Mac OS X 10_13_4) AppleWebKit/537.36 (KHTML, like Gecko) Chrome/106.0.0.0 Safari/537.36",Con_Nat,congruent,1,A,07-10-22,07-10-22,16:48:43,0,0,0,0,0,799,3.6.1,crab,240,,690,733,1280,24,800,24,0,23,1280,long,MacIntel,CRAB,205041,218286,218252
Mozilla,Netscape,"5.0 (Macintosh; Intel Mac OS X 10_13_4) AppleWebKit/537.36 (KHTML, like Gecko) Chrome/106.0.0.0 Safari/537.36",Inc_Synth_Synth,incongruent,0,A,07-10-22,07-10-22,16:48:43,0,0,0,0,0,799,3.6.1,taxi,240,,1097,733,1280,24,800,24,0,23,1280,long,MacIntel,CHAIN,205041,219704,219654
Mozilla,Netscape,"5.0 (Macintosh; Intel Mac OS X 10_13_4) AppleWebKit/537.36 (KHTML, like Gecko) Chrome/106.0.0.0 Safari/537.36",Con_Synth,congruent,1,A,07-10-22,07-10-22,16:48:43,0,0,0,0,0,799,3.6.1,stair,240,,856,733,1280,24,800,24,0,23,1280,long,MacIntel,STAIR,205041,221521,221488
Mozilla,Netscape,"5.0 (Macintosh; Intel Mac OS X 10_13_4) AppleWebKit/537.36 (KHTML, like Gecko) Chrome/106.0.0.0 Safari/537.36",Inc_Nat_Nat,incongruent,0,A,07-10-22,07-10-22,16:48:43,0,0,0,0,0,799,3.6.1,storm,240,,1169,733,1280,24,800,24,0,23,1280,long,MacIntel,LAND,205041,223088,223054
Mozilla,Netscape,"5.0 (Macintosh; Intel Mac OS X 10_13_4) AppleWebKit/537.36 (KHTML, like Gecko) Chrome/106.0.0.0 Safari/537.36",Con_Synth,congruent,1,A,07-10-22,07-10-22,16:48:43,0,0,0,0,0,799,3.6.1,ferry,240,,996,733,1280,24,800,24,0,23,1280,long,MacIntel,FERRY,205041,224971,224938
Mozilla,Netscape,"5.0 (Macintosh; Intel Mac OS X 10_13_4) AppleWebKit/537.36 (KHTML, like Gecko) Chrome/106.0.0.0 Safari/537.36",Inc_Nat_Synth,incongruent,1,A,07-10-22,07-10-22,16:48:43,0,0,0,0,0,799,3.6.1,eagle,240,,1375,733,1280,24,800,24,0,23,1280,long,MacIntel,WAGON,205041,226682,226648
Mozilla,Netscape,"5.0 (Macintosh; Intel Mac OS X 10_13_4) AppleWebKit/537.36 (KHTML, like Gecko) Chrome/106.0.0.0 Safari/537.36",Con_Synth,congruent,1,A,07-10-22,07-10-22,16:48:43,0,0,0,0,0,799,3.6.1,flask,240,,891,733,1280,24,800,24,0,23,1280,long,MacIntel,FLASK,205041,228766,228732
Mozilla,Netscape,"5.0 (Macintosh; Intel Mac OS X 10_13_4) AppleWebKit/537.36 (KHTML, like Gecko) Chrome/106.0.0.0 Safari/537.36",Con_Synth,congruent,1,A,07-10-22,07-10-22,16:48:43,0,0,0,0,0,799,3.6.1,flute,240,,985,733,1280,24,800,24,0,23,1280,long,MacIntel,FLUTE,205041,230367,230334
Mozilla,Netscape,"5.0 (Macintosh; Intel Mac OS X 10_13_4) AppleWebKit/537.36 (KHTML, like Gecko) Chrome/106.0.0.0 Safari/537.36",Con_Nat,congruent,1,A,07-10-22,07-10-22,16:48:43,0,0,0,0,0,799,3.6.1,plum,240,,764,733,1280,24,800,24,0,23,1280,long,MacIntel,PLUM,205041,232084,232051
Mozilla,Netscape,"5.0 (Macintosh; Intel Mac OS X 10_13_4) AppleWebKit/537.36 (KHTML, like Gecko) Chrome/106.0.0.0 Safari/537.36",Con_Synth,congruent,1,A,07-10-22,07-10-22,16:48:43,0,0,0,0,0,799,3.6.1,broom,240,,751,733,1280,24,800,24,0,23,1280,long,MacIntel,BROOM,205041,233584,233535
Mozilla,Netscape,"5.0 (Macintosh; Intel Mac OS X 10_13_4) AppleWebKit/537.36 (KHTML, like Gecko) Chrome/106.0.0.0 Safari/537.36",Inc_Nat_Synth,incongruent,1,A,07-10-22,07-10-22,16:48:43,0,0,0,0,0,799,3.6.1,olive,240,,740,733,1280,24,800,24,0,23,1280,long,MacIntel,MOTOR,205041,235068,235019
Mozilla,Netscape,"5.0 (Macintosh; Intel Mac OS X 10_13_4) AppleWebKit/537.36 (KHTML, like Gecko) Chrome/106.0.0.0 Safari/537.36",Con_Nat,congruent,1,A,07-10-22,07-10-22,16:48:43,0,0,0,0,0,799,3.6.1,hare,240,,812,733,1280,24,800,24,0,23,1280,long,MacIntel,HARE,205041,236535,236486
Mozilla,Netscape,"5.0 (Macintosh; Intel Mac OS X 10_13_4) AppleWebKit/537.36 (KHTML, like Gecko) Chrome/106.0.0.0 Safari/537.36",Inc_Nat_Synth,incongruent,1,A,07-10-22,07-10-22,16:48:43,0,0,0,0,0,799,3.6.1,flood,240,,887,733,1280,24,800,24,0,23,1280,long,MacIntel,SKIRT,205041,238066,238031
Mozilla,Netscape,"5.0 (Macintosh; Intel Mac OS X 10_13_4) AppleWebKit/537.36 (KHTML, like Gecko) Chrome/106.0.0.0 Safari/537.36",Inc_Synth_Synth,incongruent,0,A,07-10-22,07-10-22,16:48:43,0,0,0,0,0,799,3.6.1,roof,240,,1055,733,1280,24,800,24,0,23,1280,long,MacIntel,PIANO,205041,239682,239649
Mozilla,Netscape,"5.0 (Macintosh; Intel Mac OS X 10_13_4) AppleWebKit/537.36 (KHTML, like Gecko) Chrome/106.0.0.0 Safari/537.36",Con_Nat,congruent,1,A,07-10-22,07-10-22,16:48:43,0,0,0,0,0,799,3.6.1,peas,240,,821,733,1280,24,800,24,0,23,1280,long,MacIntel,PEAS,205041,241467,241417
Mozilla,Netscape,"5.0 (Macintosh; Intel Mac OS X 10_13_4) AppleWebKit/537.36 (KHTML, like Gecko) Chrome/106.0.0.0 Safari/537.36",Con_Nat,congruent,0,A,07-10-22,07-10-22,16:48:43,0,0,0,0,0,799,3.6.1,stick,240,,1072,733,1280,24,800,24,0,23,1280,long,MacIntel,STICK,205041,243017,242983
Mozilla,Netscape,"5.0 (Macintosh; Intel Mac OS X 10_13_4) AppleWebKit/537.36 (KHTML, like Gecko) Chrome/106.0.0.0 Safari/537.36",Inc_Nat_Synth,incongruent,1,A,07-10-22,07-10-22,16:48:43,0,0,0,0,0,799,3.6.1,moose,240,,1144,733,1280,24,800,24,0,23,1280,long,MacIntel,PORCH,205041,244801,244768
Mozilla,Netscape,"5.0 (Macintosh; Intel Mac OS X 10_13_4) AppleWebKit/537.36 (KHTML, like Gecko) Chrome/106.0.0.0 Safari/537.36",Con_Synth,congruent,1,A,07-10-22,07-10-22,16:48:43,0,0,0,0,0,799,3.6.1,arrow,240,,1262,733,1280,24,800,24,0,23,1280,long,MacIntel,ARROW,205041,246652,246618
Mozilla,Netscape,"5.0 (Macintosh; Intel Mac OS X 10_13_4) AppleWebKit/537.36 (KHTML, like Gecko) Chrome/106.0.0.0 Safari/537.36",Inc_Nat_Nat,incongruent,0,A,07-10-22,07-10-22,16:48:43,0,0,0,0,0,799,3.6.1,ocean,240,,1253,733,1280,24,800,24,0,23,1280,long,MacIntel,TREE,205041,248633,248599
Mozilla,Netscape,"5.0 (Macintosh; Intel Mac OS X 10_13_4) AppleWebKit/537.36 (KHTML, like Gecko) Chrome/106.0.0.0 Safari/537.36",Con_Nat,congruent,1,A,07-10-22,07-10-22,16:48:43,0,0,0,0,0,799,3.6.1,reef,240,,1087,733,1280,24,800,24,0,23,1280,long,MacIntel,REEF,205041,250601,250567
Mozilla,Netscape,"5.0 (Macintosh; Intel Mac OS X 10_13_4) AppleWebKit/537.36 (KHTML, like Gecko) Chrome/106.0.0.0 Safari/537.36",Inc_Synth_Nat,incongruent,1,A,07-10-22,07-10-22,16:48:43,0,0,0,0,0,799,3.6.1,bowl,240,,695,733,1280,24,800,24,0,23,1280,long,MacIntel,WOLF,205041,252402,252368
Mozilla,Netscape,"5.0 (Macintosh; Intel Mac OS X 10_13_4) AppleWebKit/537.36 (KHTML, like Gecko) Chrome/106.0.0.0 Safari/537.36",Inc_Synth_Synth,incongruent,0,A,07-10-22,07-10-22,16:48:43,0,0,0,0,0,799,3.6.1,wire,240,,828,733,1280,24,800,24,0,23,1280,long,MacIntel,CABIN,205041,253836,253786
Mozilla,Netscape,"5.0 (Macintosh; Intel Mac OS X 10_13_4) AppleWebKit/537.36 (KHTML, like Gecko) Chrome/106.0.0.0 Safari/537.36",Con_Nat,congruent,1,A,07-10-22,07-10-22,16:48:43,0,0,0,0,0,799,3.6.1,swan,240,,1190,733,1280,24,800,24,0,23,1280,long,MacIntel,SWAN,205041,255386,255353
Mozilla,Netscape,"5.0 (Macintosh; Intel Mac OS X 10_13_4) AppleWebKit/537.36 (KHTML, like Gecko) Chrome/106.0.0.0 Safari/537.36",Con_Nat,congruent,0,A,07-10-22,07-10-22,16:48:43,0,0,0,0,0,799,3.6.1,stone,240,,1632,733,1280,24,800,24,0,23,1280,long,MacIntel,STONE,205041,257296,257262
Mozilla,Netscape,"5.0 (Macintosh; Intel Mac OS X 10_13_4) AppleWebKit/537.36 (KHTML, like Gecko) Chrome/106.0.0.0 Safari/537.36",Inc_Synth_Nat,incongruent,1,A,07-10-22,07-10-22,16:48:43,0,0,0,0,0,799,3.6.1,soap,240,,705,733,1280,24,800,24,0,23,1280,long,MacIntel,PONY,205041,259631,259597
Mozilla,Netscape,"5.0 (Macintosh; Intel Mac OS X 10_13_4) AppleWebKit/537.36 (KHTML, like Gecko) Chrome/106.0.0.0 Safari/537.36",Inc_Nat_Synth,incongruent,1,A,07-10-22,07-10-22,16:48:43,0,0,0,0,0,799,3.6.1,swamp,240,,1111,733,1280,24,800,24,0,23,1280,long,MacIntel,DRILL,205041,261065,261032
Mozilla,Netscape,"5.0 (Macintosh; Intel Mac OS X 10_13_4) AppleWebKit/537.36 (KHTML, like Gecko) Chrome/106.0.0.0 Safari/537.36",Inc_Synth_Nat,incongruent,1,A,07-10-22,07-10-22,16:48:43,0,0,0,0,0,799,3.6.1,barn,240,,797,733,1280,24,800,24,0,23,1280,long,MacIntel,TUNA,205041,262899,262865
Mozilla,Netscape,"5.0 (Macintosh; Intel Mac OS X 10_13_4) AppleWebKit/537.36 (KHTML, like Gecko) Chrome/106.0.0.0 Safari/537.36",Con_Nat,congruent,1,A,07-10-22,07-10-22,16:48:43,0,0,0,0,0,799,3.6.1,wasp,240,,928,733,1280,24,800,24,0,23,1280,long,MacIntel,WASP,205041,264432,264383
Mozilla,Netscape,"5.0 (Macintosh; Intel Mac OS X 10_13_4) AppleWebKit/537.36 (KHTML, like Gecko) Chrome/106.0.0.0 Safari/537.36",Inc_Nat_Nat,incongruent,0,A,07-10-22,07-10-22,16:48:43,0,0,0,0,0,799,3.6.1,shell,240,,694,733,1280,24,800,24,0,23,1280,long,MacIntel,DIRT,205041,266067,266033
Mozilla,Netscape,"5.0 (Macintosh; Intel Mac OS X 10_13_4) AppleWebKit/537.36 (KHTML, like Gecko) Chrome/106.0.0.0 Safari/537.36",Inc_Synth_Synth,incongruent,0,A,07-10-22,07-10-22,16:48:43,0,0,0,0,0,799,3.6.1,deck,240,,1214,733,1280,24,800,24,0,23,1280,long,MacIntel,PLATE,205041,267491,267457
Mozilla,Netscape,"5.0 (Macintosh; Intel Mac OS X 10_13_4) AppleWebKit/537.36 (KHTML, like Gecko) Chrome/106.0.0.0 Safari/537.36",Inc_Synth_Synth,incongruent,0,A,07-10-22,07-10-22,16:48:43,0,0,0,0,0,799,3.6.1,shoe,240,,656,733,1280,24,800,24,0,23,1280,long,MacIntel,COUCH,205041,269441,269391
Mozilla,Netscape,"5.0 (Macintosh; Intel Mac OS X 10_13_4) AppleWebKit/537.36 (KHTML, like Gecko) Chrome/106.0.0.0 Safari/537.36",Con_Synth,congruent,1,A,07-10-22,07-10-22,16:48:43,0,0,0,0,0,799,3.6.1,tongs,240,,1584,733,1280,24,800,24,0,23,1280,long,MacIntel,TONGS,205041,270825,270791
Mozilla,Netscape,"5.0 (Macintosh; Intel Mac OS X 10_13_4) AppleWebKit/537.36 (KHTML, like Gecko) Chrome/106.0.0.0 Safari/537.36",Con_Nat,congruent,1,A,07-10-22,07-10-22,16:48:43,0,0,0,0,0,799,3.6.1,pear,240,,867,733,1280,24,800,24,0,23,1280,long,MacIntel,PEAR,205041,273125,273091
Mozilla,Netscape,"5.0 (Macintosh; Intel Mac OS X 10_13_4) AppleWebKit/537.36 (KHTML, like Gecko) Chrome/106.0.0.0 Safari/537.36",Con_Nat,congruent,1,A,07-10-22,07-10-22,16:48:43,0,0,0,0,0,799,3.6.1,moss,240,,787,733,1280,24,800,24,0,23,1280,long,MacIntel,MOSS,205041,274694,274659
Mozilla,Netscape,"5.0 (Macintosh; Intel Mac OS X 10_13_4) AppleWebKit/537.36 (KHTML, like Gecko) Chrome/106.0.0.0 Safari/537.36",Inc_Nat_Synth,incongruent,1,A,07-10-22,07-10-22,16:48:43,0,0,0,0,0,799,3.6.1,cloud,240,,1086,733,1280,24,800,24,0,23,1280,long,MacIntel,MOTEL,205041,276210,276177
Mozilla,Netscape,"5.0 (Macintosh; Intel Mac OS X 10_13_4) AppleWebKit/537.36 (KHTML, like Gecko) Chrome/106.0.0.0 Safari/537.36",Inc_Synth_Nat,incongruent,1,A,07-10-22,07-10-22,16:48:43,0,0,0,0,0,799,3.6.1,fort,240,,1476,733,1280,24,800,24,0,23,1280,long,MacIntel,GOAT,205041,278021,277988
Mozilla,Netscape,"5.0 (Macintosh; Intel Mac OS X 10_13_4) AppleWebKit/537.36 (KHTML, like Gecko) Chrome/106.0.0.0 Safari/537.36",Con_Synth,congruent,1,A,07-10-22,07-10-22,16:48:43,0,0,0,0,0,799,3.6.1,crate,240,,1411,733,1280,24,800,24,0,23,1280,long,MacIntel,CRATE,205041,280205,280172
Mozilla,Netscape,"5.0 (Macintosh; Intel Mac OS X 10_13_4) AppleWebKit/537.36 (KHTML, like Gecko) Chrome/106.0.0.0 Safari/537.36",Con_Synth,congruent,1,A,07-10-22,07-10-22,16:48:43,0,0,0,0,0,799,3.6.1,apron,240,,1094,733,1280,24,800,24,0,23,1280,long,MacIntel,APRON,205041,282323,282289
Mozilla,Netscape,"5.0 (Macintosh; Intel Mac OS X 10_13_4) AppleWebKit/537.36 (KHTML, like Gecko) Chrome/106.0.0.0 Safari/537.36",Con_Synth,congruent,1,A,07-10-22,07-10-22,16:48:43,0,0,0,0,0,799,3.6.1,scarf,240,,1100,733,1280,24,800,24,0,23,1280,long,MacIntel,SCARF,205041,284140,284106
Mozilla,Netscape,"5.0 (Macintosh; Intel Mac OS X 10_13_4) AppleWebKit/537.36 (KHTML, like Gecko) Chrome/106.0.0.0 Safari/537.36",Inc_Synth_Nat,incongruent,1,A,07-10-22,07-10-22,16:48:43,0,0,0,0,0,799,3.6.1,sink,240,,1641,733,1280,24,800,24,0,23,1280,long,MacIntel,LAMB,205041,285974,285925
Mozilla,Netscape,"5.0 (Macintosh; Intel Mac OS X 10_13_4) AppleWebKit/537.36 (KHTML, like Gecko) Chrome/106.0.0.0 Safari/537.36",Con_Nat,congruent,1,A,07-10-22,07-10-22,16:48:43,0,0,0,0,0,799,3.6.1,slug,240,,1339,733,1280,24,800,24,0,23,1280,long,MacIntel,SLUG,205041,288342,288292
Mozilla,Netscape,"5.0 (Macintosh; Intel Mac OS X 10_13_4) AppleWebKit/537.36 (KHTML, like Gecko) Chrome/106.0.0.0 Safari/537.36",Con_Synth,congruent,1,A,07-10-22,07-10-22,16:48:43,0,0,0,0,0,799,3.6.1,canoe,240,,680,733,1280,24,800,24,0,23,1280,long,MacIntel,CANOE,205041,290392,290359
Mozilla,Netscape,"5.0 (Macintosh; Intel Mac OS X 10_13_4) AppleWebKit/537.36 (KHTML, like Gecko) Chrome/106.0.0.0 Safari/537.36",Con_Nat,congruent,1,A,07-10-22,07-10-22,16:48:43,0,0,0,0,0,799,3.6.1,earth,240,,696,733,1280,24,800,24,0,23,1280,long,MacIntel,EARTH,205041,291776,291743
Mozilla,Netscape,"5.0 (Macintosh; Intel Mac OS X 10_13_4) AppleWebKit/537.36 (KHTML, like Gecko) Chrome/106.0.0.0 Safari/537.36",Inc_Nat_Nat,incongruent,0,A,07-10-22,07-10-22,16:48:43,0,0,0,0,0,799,3.6.1,bunny,240,,1159,733,1280,24,800,24,0,23,1280,long,MacIntel,ROSE,205041,293177,293143
Mozilla,Netscape,"5.0 (Macintosh; Intel Mac OS X 10_13_4) AppleWebKit/537.36 (KHTML, like Gecko) Chrome/106.0.0.0 Safari/537.36",Con_Synth,congruent,1,A,07-10-22,07-10-22,16:48:43,0,0,0,0,0,799,3.6.1,linen,240,,1084,733,1280,24,800,24,0,23,1280,long,MacIntel,LINEN,205041,295044,295011
Mozilla,Netscape,"5.0 (Macintosh; Intel Mac OS X 10_13_4) AppleWebKit/537.36 (KHTML, like Gecko) Chrome/106.0.0.0 Safari/537.36",Inc_Synth_Nat,incongruent,1,A,07-10-22,07-10-22,16:48:43,0,0,0,0,0,799,3.6.1,mall,240,,1362,733,1280,24,800,24,0,23,1280,long,MacIntel,BUSH,205041,296846,296813
Mozilla,Netscape,"5.0 (Macintosh; Intel Mac OS X 10_13_4) AppleWebKit/537.36 (KHTML, like Gecko) Chrome/106.0.0.0 Safari/537.36",Inc_Synth_Synth,incongruent,0,A,07-10-22,07-10-22,16:48:43,0,0,0,0,0,799,3.6.1,bell,240,,775,733,1280,24,800,24,0,23,1280,long,MacIntel,WHEEL,205041,298938,298904
Mozilla,Netscape,"5.0 (Macintosh; Intel Mac OS X 10_13_4) AppleWebKit/537.36 (KHTML, like Gecko) Chrome/106.0.0.0 Safari/537.36",Inc_Nat_Nat,incongruent,0,A,07-10-22,07-10-22,16:48:43,0,0,0,0,0,799,3.6.1,fruit,240,,802,733,1280,24,800,24,0,23,1280,long,MacIntel,BEAR,205041,300438,300405
Mozilla,Netscape,"5.0 (Macintosh; Intel Mac OS X 10_13_4) AppleWebKit/537.36 (KHTML, like Gecko) Chrome/106.0.0.0 Safari/537.36",Inc_Nat_Nat,incongruent,0,A,07-10-22,07-10-22,16:48:43,0,0,0,0,0,799,3.6.1,shark,240,,1189,733,1280,24,800,24,0,23,1280,long,MacIntel,HILL,205041,301956,301923
Mozilla,Netscape,"5.0 (Macintosh; Intel Mac OS X 10_13_4) AppleWebKit/537.36 (KHTML, like Gecko) Chrome/106.0.0.0 Safari/537.36",Inc_Synth_Nat,incongruent,1,A,07-10-22,07-10-22,16:48:43,0,0,0,0,0,799,3.6.1,pipe,240,,815,733,1280,24,800,24,0,23,1280,long,MacIntel,LION,205041,303858,303823
Mozilla,Netscape,"5.0 (Macintosh; Intel Mac OS X 10_13_4) AppleWebKit/537.36 (KHTML, like Gecko) Chrome/106.0.0.0 Safari/537.36",Con_Synth,congruent,1,A,07-10-22,07-10-22,16:48:43,0,0,0,0,0,799,3.6.1,jeans,240,,619,733,1280,24,800,24,0,23,1280,long,MacIntel,JEANS,205041,305374,305340
Mozilla,Netscape,"5.0 (Macintosh; Intel Mac OS X 10_13_4) AppleWebKit/537.36 (KHTML, like Gecko) Chrome/106.0.0.0 Safari/537.36",Inc_Nat_Nat,incongruent,0,A,07-10-22,07-10-22,16:48:43,0,0,0,0,0,799,3.6.1,sheep,240,,859,733,1280,24,800,24,0,23,1280,long,MacIntel,BULL,205041,306721,306674
Mozilla,Netscape,"5.0 (Macintosh; Intel Mac OS X 10_13_4) AppleWebKit/537.36 (KHTML, like Gecko) Chrome/106.0.0.0 Safari/537.36",Con_Synth,congruent,1,A,07-10-22,07-10-22,16:48:43,0,0,0,0,0,799,3.6.1,stove,240,,1205,733,1280,24,800,24,0,23,1280,long,MacIntel,STOVE,205041,308292,308258
Mozilla,Netscape,"5.0 (Macintosh; Intel Mac OS X 10_13_4) AppleWebKit/537.36 (KHTML, like Gecko) Chrome/106.0.0.0 Safari/537.36",Con_Synth,congruent,1,A,07-10-22,07-10-22,16:48:43,0,0,0,0,0,799,3.6.1,canon,240,,758,733,1280,24,800,24,0,23,1280,long,MacIntel,CANON,205041,310218,310170
Mozilla,Netscape,"5.0 (Macintosh; Intel Mac OS X 10_13_4) AppleWebKit/537.36 (KHTML, like Gecko) Chrome/106.0.0.0 Safari/537.36",Con_Nat,congruent,0,A,07-10-22,07-10-22,16:48:43,0,0,0,0,0,799,3.6.1,clam,240,,1993,733,1280,24,800,24,0,23,1280,long,MacIntel,CLAM,205041,311686,311653
Mozilla,Netscape,"5.0 (Macintosh; Intel Mac OS X 10_13_4) AppleWebKit/537.36 (KHTML, like Gecko) Chrome/106.0.0.0 Safari/537.36",Inc_Nat_Nat,incongruent,0,A,07-10-22,07-10-22,16:48:43,0,0,0,0,0,799,3.6.1,lemon,240,,1068,733,1280,24,800,24,0,23,1280,long,MacIntel,DUCK,205041,314405,314371
Mozilla,Netscape,"5.0 (Macintosh; Intel Mac OS X 10_13_4) AppleWebKit/537.36 (KHTML, like Gecko) Chrome/106.0.0.0 Safari/537.36",Con_Nat,congruent,0,A,07-10-22,07-10-22,16:48:43,0,0,0,0,0,799,3.6.1,boar,240,,1844,733,1280,24,800,24,0,23,1280,long,MacIntel,BOAR,205041,316221,316173
Mozilla,Netscape,"5.0 (Macintosh; Intel Mac OS X 10_13_4) AppleWebKit/537.36 (KHTML, like Gecko) Chrome/106.0.0.0 Safari/537.36",Inc_Synth_Synth,incongruent,1,A,07-10-22,07-10-22,16:48:43,0,0,0,0,0,799,3.6.1,desk,240,,1647,733,1280,24,800,24,0,23,1280,long,MacIntel,CANDY,205041,318777,318739
Mozilla,Netscape,"5.0 (Macintosh; Intel Mac OS X 10_13_4) AppleWebKit/537.36 (KHTML, like Gecko) Chrome/106.0.0.0 Safari/537.36",Inc_Nat_Synth,incongruent,1,A,07-10-22,07-10-22,16:48:43,0,0,0,0,0,799,3.6.1,wheat,240,,1768,733,1280,24,800,24,0,23,1280,long,MacIntel,BRICK,205041,321129,321096
Mozilla,Netscape,"5.0 (Windows NT 10.0; Win64; x64) AppleWebKit/537.36 (KHTML, like Gecko) Chrome/107.0.0.0 Safari/537.36 Edg/107.0.1418.26",practice,practice,1,None,04-10-22,04-10-22,15:17:35,0,0,0,0,0,796,3.6.1,iweonf,240,,963,680,1280,24,720,24,0,0,1280,practice,Win32,BOAT,55832,55899,55865
Mozilla,Netscape,"5.0 (Windows NT 10.0; Win64; x64) AppleWebKit/537.36 (KHTML, like Gecko) Chrome/107.0.0.0 Safari/537.36 Edg/107.0.1418.26",practice,practice,1,None,04-10-22,04-10-22,15:17:35,0,0,0,0,0,796,3.6.1,nvoiuh,240,,976,680,1280,24,720,24,0,0,1280,practice,Win32,HOUSE,57481,57548,57514
Mozilla,Netscape,"5.0 (Windows NT 10.0; Win64; x64) AppleWebKit/537.36 (KHTML, like Gecko) Chrome/107.0.0.0 Safari/537.36 Edg/107.0.1418.26",practice,practice,1,None,04-10-22,04-10-22,15:17:35,0,0,0,0,0,796,3.6.1,snjghf,240,,703,680,1280,24,720,24,0,0,1280,practice,Win32,SHEEP,59130,59197,59164
Mozilla,Netscape,"5.0 (Windows NT 10.0; Win64; x64) AppleWebKit/537.36 (KHTML, like Gecko) Chrome/107.0.0.0 Safari/537.36 Edg/107.0.1418.26",practice,practice,1,None,04-10-22,04-10-22,15:17:35,0,0,0,0,0,796,3.6.1,abjdhjs,240,,632,680,1280,24,720,24,0,0,1280,practice,Win32,HORSE,60513,60596,60547
Mozilla,Netscape,"5.0 (Windows NT 10.0; Win64; x64) AppleWebKit/537.36 (KHTML, like Gecko) Chrome/107.0.0.0 Safari/537.36 Edg/107.0.1418.26",Inc_Nat_Synth,incongruent,1,A,04-10-22,04-10-22,15:17:35,0,0,0,0,0,796,3.6.1,crow,240,,633,680,1280,24,720,24,0,0,1280,short,Win32,YACHT,67110,67177,67144
Mozilla,Netscape,"5.0 (Windows NT 10.0; Win64; x64) AppleWebKit/537.36 (KHTML, like Gecko) Chrome/107.0.0.0 Safari/537.36 Edg/107.0.1418.26",Con_Synth,congruent,1,A,04-10-22,04-10-22,15:17:35,0,0,0,0,0,796,3.6.1,doll,240,,636,680,1280,24,720,24,0,0,1280,short,Win32,DOLL,68410,68477,68443
Mozilla,Netscape,"5.0 (Windows NT 10.0; Win64; x64) AppleWebKit/537.36 (KHTML, like Gecko) Chrome/107.0.0.0 Safari/537.36 Edg/107.0.1418.26",Con_Synth,congruent,1,A,04-10-22,04-10-22,15:17:35,0,0,0,0,0,796,3.6.1,tower,240,,577,680,1280,24,720,24,0,0,1280,short,Win32,TOWER,69709,69776,69743
Mozilla,Netscape,"5.0 (Windows NT 10.0; Win64; x64) AppleWebKit/537.36 (KHTML, like Gecko) Chrome/107.0.0.0 Safari/537.36 Edg/107.0.1418.26",Inc_Synth_Nat,incongruent,1,A,04-10-22,04-10-22,15:17:35,0,0,0,0,0,796,3.6.1,rail,240,,693,680,1280,24,720,24,0,0,1280,short,Win32,SQUID,70942,71026,70976
Mozilla,Netscape,"5.0 (Windows NT 10.0; Win64; x64) AppleWebKit/537.36 (KHTML, like Gecko) Chrome/107.0.0.0 Safari/537.36 Edg/107.0.1418.26",Con_Synth,congruent,1,A,04-10-22,04-10-22,15:17:35,0,0,0,0,0,796,3.6.1,gate,240,,588,680,1280,24,720,24,0,0,1280,short,Win32,GATE,72310,72408,72359
Mozilla,Netscape,"5.0 (Windows NT 10.0; Win64; x64) AppleWebKit/537.36 (KHTML, like Gecko) Chrome/107.0.0.0 Safari/537.36 Edg/107.0.1418.26",Con_Nat,congruent,0,A,04-10-22,04-10-22,15:17:35,0,0,0,0,0,796,3.6.1,daisy,240,,589,680,1280,24,720,24,0,0,1280,short,Win32,DAISY,73591,73658,73625
Mozilla,Netscape,"5.0 (Windows NT 10.0; Win64; x64) AppleWebKit/537.36 (KHTML, like Gecko) Chrome/107.0.0.0 Safari/537.36 Edg/107.0.1418.26",Con_Synth,congruent,0,A,04-10-22,04-10-22,15:17:35,0,0,0,0,0,796,3.6.1,bread,240,,757,680,1280,24,720,24,0,0,1280,short,Win32,BREAD,74841,74907,74874
Mozilla,Netscape,"5.0 (Windows NT 10.0; Win64; x64) AppleWebKit/537.36 (KHTML, like Gecko) Chrome/107.0.0.0 Safari/537.36 Edg/107.0.1418.26",Inc_Nat_Synth,incongruent,1,A,04-10-22,04-10-22,15:17:35,0,0,0,0,0,796,3.6.1,leaf,240,,776,680,1280,24,720,24,0,0,1280,short,Win32,COIN,76258,76325,76291
Mozilla,Netscape,"5.0 (Windows NT 10.0; Win64; x64) AppleWebKit/537.36 (KHTML, like Gecko) Chrome/107.0.0.0 Safari/537.36 Edg/107.0.1418.26",Con_Synth,congruent,1,A,04-10-22,04-10-22,15:17:35,0,0,0,0,0,796,3.6.1,toast,240,,1179,680,1280,24,720,24,0,0,1280,short,Win32,TOAST,77706,77773,77740
Mozilla,Netscape,"5.0 (Windows NT 10.0; Win64; x64) AppleWebKit/537.36 (KHTML, like Gecko) Chrome/107.0.0.0 Safari/537.36 Edg/107.0.1418.26",Con_Nat,congruent,0,A,04-10-22,04-10-22,15:17:35,0,0,0,0,0,796,3.6.1,soil,240,,753,680,1280,24,720,24,0,0,1280,short,Win32,SOIL,79539,79606,79572
Mozilla,Netscape,"5.0 (Windows NT 10.0; Win64; x64) AppleWebKit/537.36 (KHTML, like Gecko) Chrome/107.0.0.0 Safari/537.36 Edg/107.0.1418.26",Con_Synth,congruent,1,A,04-10-22,04-10-22,15:17:35,0,0,0,0,0,796,3.6.1,sword,240,,957,680,1280,24,720,24,0,0,1280,short,Win32,SWORD,80988,81055,81022
Mozilla,Netscape,"5.0 (Windows NT 10.0; Win64; x64) AppleWebKit/537.36 (KHTML, like Gecko) Chrome/107.0.0.0 Safari/537.36 Edg/107.0.1418.26",Con_Nat,congruent,1,A,04-10-22,04-10-22,15:17:35,0,0,0,0,0,796,3.6.1,corn,240,,697,680,1280,24,720,24,0,0,1280,short,Win32,CORN,82604,82671,82638
Mozilla,Netscape,"5.0 (Windows NT 10.0; Win64; x64) AppleWebKit/537.36 (KHTML, like Gecko) Chrome/107.0.0.0 Safari/537.36 Edg/107.0.1418.26",Inc_Nat_Nat,incongruent,0,A,04-10-22,04-10-22,15:17:35,0,0,0,0,0,796,3.6.1,grape,240,,1410,680,1280,24,720,24,0,0,1280,short,Win32,LLAMA,83954,84020,83987
Mozilla,Netscape,"5.0 (Windows NT 10.0; Win64; x64) AppleWebKit/537.36 (KHTML, like Gecko) Chrome/107.0.0.0 Safari/537.36 Edg/107.0.1418.26",Inc_Nat_Nat,incongruent,0,A,04-10-22,04-10-22,15:17:35,0,0,0,0,0,796,3.6.1,poppy,240,,885,680,1280,24,720,24,0,0,1280,short,Win32,DINGO,86019,86086,86053
Mozilla,Netscape,"5.0 (Windows NT 10.0; Win64; x64) AppleWebKit/537.36 (KHTML, like Gecko) Chrome/107.0.0.0 Safari/537.36 Edg/107.0.1418.26",Inc_Synth_Synth,incongruent,0,A,04-10-22,04-10-22,15:17:35,0,0,0,0,0,796,3.6.1,sash,240,,679,680,1280,24,720,24,0,0,1280,short,Win32,CLOTH,87569,87636,87602
Mozilla,Netscape,"5.0 (Windows NT 10.0; Win64; x64) AppleWebKit/537.36 (KHTML, like Gecko) Chrome/107.0.0.0 Safari/537.36 Edg/107.0.1418.26",Con_Synth,congruent,1,A,04-10-22,04-10-22,15:17:35,0,0,0,0,0,796,3.6.1,mail,240,,674,680,1280,24,720,24,0,0,1280,short,Win32,MAIL,88902,88968,88935
Mozilla,Netscape,"5.0 (Windows NT 10.0; Win64; x64) AppleWebKit/537.36 (KHTML, like Gecko) Chrome/107.0.0.0 Safari/537.36 Edg/107.0.1418.26",Con_Nat,congruent,1,A,04-10-22,04-10-22,15:17:35,0,0,0,0,0,796,3.6.1,hawk,240,,779,680,1280,24,720,24,0,0,1280,short,Win32,HAWK,90251,90334,90285
Mozilla,Netscape,"5.0 (Windows NT 10.0; Win64; x64) AppleWebKit/537.36 (KHTML, like Gecko) Chrome/107.0.0.0 Safari/537.36 Edg/107.0.1418.26",Inc_Synth_Nat,incongruent,1,A,04-10-22,04-10-22,15:17:35,0,0,0,0,0,796,3.6.1,rake,240,,888,680,1280,24,720,24,0,0,1280,short,Win32,HUSKY,91701,91767,91734
Mozilla,Netscape,"5.0 (Windows NT 10.0; Win64; x64) AppleWebKit/537.36 (KHTML, like Gecko) Chrome/107.0.0.0 Safari/537.36 Edg/107.0.1418.26",Con_Nat,congruent,1,A,04-10-22,04-10-22,15:17:35,0,0,0,0,0,796,3.6.1,grass,240,,671,680,1280,24,720,24,0,0,1280,short,Win32,GRASS,93250,93317,93283
Mozilla,Netscape,"5.0 (Windows NT 10.0; Win64; x64) AppleWebKit/537.36 (KHTML, like Gecko) Chrome/107.0.0.0 Safari/537.36 Edg/107.0.1418.26",Inc_Synth_Synth,incongruent,0,A,04-10-22,04-10-22,15:17:35,0,0,0,0,0,796,3.6.1,wharf,240,,675,680,1280,24,720,24,0,0,1280,short,Win32,RAZOR,94583,94650,94616
Mozilla,Netscape,"5.0 (Windows NT 10.0; Win64; x64) AppleWebKit/537.36 (KHTML, like Gecko) Chrome/107.0.0.0 Safari/537.36 Edg/107.0.1418.26",Con_Nat,congruent,1,A,04-10-22,04-10-22,15:17:35,0,0,0,0,0,796,3.6.1,frog,240,,648,680,1280,24,720,24,0,0,1280,short,Win32,FROG,95932,95999,95966
Mozilla,Netscape,"5.0 (Windows NT 10.0; Win64; x64) AppleWebKit/537.36 (KHTML, like Gecko) Chrome/107.0.0.0 Safari/537.36 Edg/107.0.1418.26",Inc_Nat_Synth,incongruent,1,A,04-10-22,04-10-22,15:17:35,0,0,0,0,0,796,3.6.1,water,240,,567,680,1280,24,720,24,0,0,1280,short,Win32,MEDAL,97233,97316,97282
Mozilla,Netscape,"5.0 (Windows NT 10.0; Win64; x64) AppleWebKit/537.36 (KHTML, like Gecko) Chrome/107.0.0.0 Safari/537.36 Edg/107.0.1418.26",Inc_Nat_Synth,incongruent,0,A,04-10-22,04-10-22,15:17:35,0,0,0,0,0,796,3.6.1,mice,240,,633,680,1280,24,720,24,0,0,1280,short,Win32,TOOLS,98499,98582,98533
Mozilla,Netscape,"5.0 (Windows NT 10.0; Win64; x64) AppleWebKit/537.36 (KHTML, like Gecko) Chrome/107.0.0.0 Safari/537.36 Edg/107.0.1418.26",Inc_Nat_Synth,incongruent,1,A,04-10-22,04-10-22,15:17:35,0,0,0,0,0,796,3.6.1,toad,240,,1013,680,1280,24,720,24,0,0,1280,short,Win32,GLOVE,99832,99932,99882
Mozilla,Netscape,"5.0 (Windows NT 10.0; Win64; x64) AppleWebKit/537.36 (KHTML, like Gecko) Chrome/107.0.0.0 Safari/537.36 Edg/107.0.1418.26",Con_Synth,congruent,1,A,04-10-22,04-10-22,15:17:35,0,0,0,0,0,796,3.6.1,paint,240,,1184,680,1280,24,720,24,0,0,1280,short,Win32,PAINT,101563,101630,101597
Mozilla,Netscape,"5.0 (Windows NT 10.0; Win64; x64) AppleWebKit/537.36 (KHTML, like Gecko) Chrome/107.0.0.0 Safari/537.36 Edg/107.0.1418.26",Con_Nat,congruent,1,A,04-10-22,04-10-22,15:17:35,0,0,0,0,0,796,3.6.1,tiger,240,,619,680,1280,24,720,24,0,0,1280,short,Win32,TIGER,103414,103481,103447
Mozilla,Netscape,"5.0 (Windows NT 10.0; Win64; x64) AppleWebKit/537.36 (KHTML, like Gecko) Chrome/107.0.0.0 Safari/537.36 Edg/107.0.1418.26",Inc_Synth_Synth,incongruent,0,A,04-10-22,04-10-22,15:17:35,0,0,0,0,0,796,3.6.1,ladle,240,,627,680,1280,24,720,24,0,0,1280,short,Win32,CAFÉ,104730,104830,104780
Mozilla,Netscape,"5.0 (Windows NT 10.0; Win64; x64) AppleWebKit/537.36 (KHTML, like Gecko) Chrome/107.0.0.0 Safari/537.36 Edg/107.0.1418.26",Con_Nat,congruent,1,A,04-10-22,04-10-22,15:17:35,0,0,0,0,0,796,3.6.1,seed,240,,1065,680,1280,24,720,24,0,0,1280,short,Win32,SEED,106079,106163,106113
Mozilla,Netscape,"5.0 (Windows NT 10.0; Win64; x64) AppleWebKit/537.36 (KHTML, like Gecko) Chrome/107.0.0.0 Safari/537.36 Edg/107.0.1418.26",Inc_Synth_Nat,incongruent,0,A,04-10-22,04-10-22,15:17:35,0,0,0,0,0,796,3.6.1,ruler,240,,715,680,1280,24,720,24,0,0,1280,short,Win32,PANSY,107845,107929,107879
Mozilla,Netscape,"5.0 (Windows NT 10.0; Win64; x64) AppleWebKit/537.36 (KHTML, like Gecko) Chrome/107.0.0.0 Safari/537.36 Edg/107.0.1418.26",Con_Synth,congruent,1,A,04-10-22,04-10-22,15:17:35,0,0,0,0,0,796,3.6.1,bike,240,,655,680,1280,24,720,24,0,0,1280,short,Win32,BIKE,109262,109362,109312
Mozilla,Netscape,"5.0 (Windows NT 10.0; Win64; x64) AppleWebKit/537.36 (KHTML, like Gecko) Chrome/107.0.0.0 Safari/537.36 Edg/107.0.1418.26",Con_Nat,congruent,0,A,04-10-22,04-10-22,15:17:35,0,0,0,0,0,796,3.6.1,cave,240,,918,680,1280,24,720,24,0,0,1280,short,Win32,CAVE,110628,110728,110678
Mozilla,Netscape,"5.0 (Windows NT 10.0; Win64; x64) AppleWebKit/537.36 (KHTML, like Gecko) Chrome/107.0.0.0 Safari/537.36 Edg/107.0.1418.26",Inc_Nat_Synth,incongruent,1,A,04-10-22,04-10-22,15:17:35,0,0,0,0,0,796,3.6.1,camel,240,,1046,680,1280,24,720,24,0,0,1280,short,Win32,BENCH,112277,112377,112327
Mozilla,Netscape,"5.0 (Windows NT 10.0; Win64; x64) AppleWebKit/537.36 (KHTML, like Gecko) Chrome/107.0.0.0 Safari/537.36 Edg/107.0.1418.26",Inc_Synth_Synth,incongruent,0,A,04-10-22,04-10-22,15:17:35,0,0,0,0,0,796,3.6.1,kiosk,240,,640,680,1280,24,720,24,0,0,1280,short,Win32,SOFA,114043,114143,114094
Mozilla,Netscape,"5.0 (Windows NT 10.0; Win64; x64) AppleWebKit/537.36 (KHTML, like Gecko) Chrome/107.0.0.0 Safari/537.36 Edg/107.0.1418.26",Con_Synth,congruent,1,A,04-10-22,04-10-22,15:17:35,0,0,0,0,0,796,3.6.1,tank,240,,752,680,1280,24,720,24,0,0,1280,short,Win32,TANK,115393,115476,115442
Mozilla,Netscape,"5.0 (Windows NT 10.0; Win64; x64) AppleWebKit/537.36 (KHTML, like Gecko) Chrome/107.0.0.0 Safari/537.36 Edg/107.0.1418.26",Con_Synth,congruent,1,A,04-10-22,04-10-22,15:17:35,0,0,0,0,0,796,3.6.1,drug,240,,1085,680,1280,24,720,24,0,0,1280,short,Win32,DRUG,116859,116958,116909
Mozilla,Netscape,"5.0 (Windows NT 10.0; Win64; x64) AppleWebKit/537.36 (KHTML, like Gecko) Chrome/107.0.0.0 Safari/537.36 Edg/107.0.1418.26",Inc_Nat_Synth,incongruent,1,A,04-10-22,04-10-22,15:17:35,0,0,0,0,0,796,3.6.1,peach,240,,1073,680,1280,24,720,24,0,0,1280,short,Win32,SHED,118658,118758,118708
Mozilla,Netscape,"5.0 (Windows NT 10.0; Win64; x64) AppleWebKit/537.36 (KHTML, like Gecko) Chrome/107.0.0.0 Safari/537.36 Edg/107.0.1418.26",Inc_Nat_Nat,incongruent,1,A,04-10-22,04-10-22,15:17:35,0,0,0,0,0,796,3.6.1,fern,240,,707,680,1280,24,720,24,0,0,1280,short,Win32,PETAL,120457,120524,120490
Mozilla,Netscape,"5.0 (Windows NT 10.0; Win64; x64) AppleWebKit/537.36 (KHTML, like Gecko) Chrome/107.0.0.0 Safari/537.36 Edg/107.0.1418.26",Inc_Synth_Nat,incongruent,1,A,04-10-22,04-10-22,15:17:35,0,0,0,0,0,796,3.6.1,sewer,240,,736,680,1280,24,720,24,0,0,1280,short,Win32,CORAL,121856,121923,121890
Mozilla,Netscape,"5.0 (Windows NT 10.0; Win64; x64) AppleWebKit/537.36 (KHTML, like Gecko) Chrome/107.0.0.0 Safari/537.36 Edg/107.0.1418.26",Con_Nat,congruent,1,A,04-10-22,04-10-22,15:17:35,0,0,0,0,0,796,3.6.1,worm,240,,627,680,1280,24,720,24,0,0,1280,short,Win32,WORM,123273,123372,123323
Mozilla,Netscape,"5.0 (Windows NT 10.0; Win64; x64) AppleWebKit/537.36 (KHTML, like Gecko) Chrome/107.0.0.0 Safari/537.36 Edg/107.0.1418.26",Inc_Synth_Synth,incongruent,0,A,04-10-22,04-10-22,15:17:35,0,0,0,0,0,796,3.6.1,silo,240,,974,680,1280,24,720,24,0,0,1280,short,Win32,PLAZA,124605,124689,124639
Mozilla,Netscape,"5.0 (Windows NT 10.0; Win64; x64) AppleWebKit/537.36 (KHTML, like Gecko) Chrome/107.0.0.0 Safari/537.36 Edg/107.0.1418.26",Inc_Synth_Synth,incongruent,0,A,04-10-22,04-10-22,15:17:35,0,0,0,0,0,796,3.6.1,patio,240,,861,680,1280,24,720,24,0,0,1280,short,Win32,SPOON,126321,126405,126355
Mozilla,Netscape,"5.0 (Windows NT 10.0; Win64; x64) AppleWebKit/537.36 (KHTML, like Gecko) Chrome/107.0.0.0 Safari/537.36 Edg/107.0.1418.26",Inc_Synth_Nat,incongruent,0,A,04-10-22,04-10-22,15:17:35,0,0,0,0,0,796,3.6.1,spear,240,,927,680,1280,24,720,24,0,0,1280,short,Win32,MOTH,127887,127971,127921
Mozilla,Netscape,"5.0 (Windows NT 10.0; Win64; x64) AppleWebKit/537.36 (KHTML, like Gecko) Chrome/107.0.0.0 Safari/537.36 Edg/107.0.1418.26",Con_Synth,congruent,1,A,04-10-22,04-10-22,15:17:35,0,0,0,0,0,796,3.6.1,belt,240,,774,680,1280,24,720,24,0,0,1280,short,Win32,BELT,129519,129586,129552
Mozilla,Netscape,"5.0 (Windows NT 10.0; Win64; x64) AppleWebKit/537.36 (KHTML, like Gecko) Chrome/107.0.0.0 Safari/537.36 Edg/107.0.1418.26",Con_Nat,congruent,1,A,04-10-22,04-10-22,15:17:35,0,0,0,0,0,796,3.6.1,whale,240,,566,680,1280,24,720,24,0,0,1280,short,Win32,WHALE,130986,131069,131020
Mozilla,Netscape,"5.0 (Windows NT 10.0; Win64; x64) AppleWebKit/537.36 (KHTML, like Gecko) Chrome/107.0.0.0 Safari/537.36 Edg/107.0.1418.26",Con_Synth,congruent,1,A,04-10-22,04-10-22,15:17:35,0,0,0,0,0,796,3.6.1,cable,240,,683,680,1280,24,720,24,0,0,1280,short,Win32,CABLE,132236,132336,132286
Mozilla,Netscape,"5.0 (Windows NT 10.0; Win64; x64) AppleWebKit/537.36 (KHTML, like Gecko) Chrome/107.0.0.0 Safari/537.36 Edg/107.0.1418.26",Inc_Nat_Nat,incongruent,1,A,04-10-22,04-10-22,15:17:35,0,0,0,0,0,796,3.6.1,lime,240,,760,680,1280,24,720,24,0,0,1280,short,Win32,GULLY,133652,133752,133702
Mozilla,Netscape,"5.0 (Windows NT 10.0; Win64; x64) AppleWebKit/537.36 (KHTML, like Gecko) Chrome/107.0.0.0 Safari/537.36 Edg/107.0.1418.26",Inc_Nat_Synth,incongruent,1,A,04-10-22,04-10-22,15:17:35,0,0,0,0,0,796,3.6.1,melon,240,,928,680,1280,24,720,24,0,0,1280,short,Win32,HOSE,135134,135201,135167
Mozilla,Netscape,"5.0 (Windows NT 10.0; Win64; x64) AppleWebKit/537.36 (KHTML, like Gecko) Chrome/107.0.0.0 Safari/537.36 Edg/107.0.1418.26",Inc_Synth_Nat,incongruent,0,A,04-10-22,04-10-22,15:17:35,0,0,0,0,0,796,3.6.1,arena,240,,944,680,1280,24,720,24,0,0,1280,short,Win32,VINE,136733,136817,136767
Mozilla,Netscape,"5.0 (Windows NT 10.0; Win64; x64) AppleWebKit/537.36 (KHTML, like Gecko) Chrome/107.0.0.0 Safari/537.36 Edg/107.0.1418.26",Nat_Nat_Synth,incongruent,0,A,04-10-22,04-10-22,15:17:35,0,0,0,0,0,796,3.6.1,finch,240,,1080,680,1280,24,720,24,0,0,1280,short,Win32,SLOTH,138366,138449,138400
Mozilla,Netscape,"5.0 (Windows NT 10.0; Win64; x64) AppleWebKit/537.36 (KHTML, like Gecko) Chrome/107.0.0.0 Safari/537.36 Edg/107.0.1418.26",Con_Synth,congruent,1,A,04-10-22,04-10-22,15:17:35,0,0,0,0,0,796,3.6.1,coat,240,,668,680,1280,24,720,24,0,0,1280,short,Win32,COAT,140123,140198,140165
Mozilla,Netscape,"5.0 (Windows NT 10.0; Win64; x64) AppleWebKit/537.36 (KHTML, like Gecko) Chrome/107.0.0.0 Safari/537.36 Edg/107.0.1418.26",Inc_Synth_Synth,incongruent,0,A,04-10-22,04-10-22,15:17:35,0,0,0,0,0,796,3.6.1,spade,240,,1039,680,1280,24,720,24,0,0,1280,short,Win32,SHELF,141482,141582,141532
Mozilla,Netscape,"5.0 (Windows NT 10.0; Win64; x64) AppleWebKit/537.36 (KHTML, like Gecko) Chrome/107.0.0.0 Safari/537.36 Edg/107.0.1418.26",Inc_Nat_Nat,incongruent,1,A,04-10-22,04-10-22,15:17:35,0,0,0,0,0,796,3.6.1,cobra,240,,874,680,1280,24,720,24,0,0,1280,short,Win32,TWIG,143231,143315,143265
Mozilla,Netscape,"5.0 (Windows NT 10.0; Win64; x64) AppleWebKit/537.36 (KHTML, like Gecko) Chrome/107.0.0.0 Safari/537.36 Edg/107.0.1418.26",Inc_Nat_Nat,incongruent,0,A,04-10-22,04-10-22,15:17:35,0,0,0,0,0,796,3.6.1,berry,240,,684,680,1280,24,720,24,0,0,1280,short,Win32,OTTER,144814,144897,144848
Mozilla,Netscape,"5.0 (Windows NT 10.0; Win64; x64) AppleWebKit/537.36 (KHTML, like Gecko) Chrome/107.0.0.0 Safari/537.36 Edg/107.0.1418.26",Con_Nat,congruent,1,A,04-10-22,04-10-22,15:17:35,0,0,0,0,0,796,3.6.1,deer,240,,678,680,1280,24,720,24,0,0,1280,short,Win32,DEER,146197,146280,146247
Mozilla,Netscape,"5.0 (Windows NT 10.0; Win64; x64) AppleWebKit/537.36 (KHTML, like Gecko) Chrome/107.0.0.0 Safari/537.36 Edg/107.0.1418.26",Con_Nat,congruent,1,A,04-10-22,04-10-22,15:17:35,0,0,0,0,0,796,3.6.1,puppy,240,,574,680,1280,24,720,24,0,0,1280,short,Win32,PUPPY,147563,147662,147614
Mozilla,Netscape,"5.0 (Windows NT 10.0; Win64; x64) AppleWebKit/537.36 (KHTML, like Gecko) Chrome/107.0.0.0 Safari/537.36 Edg/107.0.1418.26",Inc_Synth_Nat,incongruent,1,A,04-10-22,04-10-22,15:17:35,0,0,0,0,0,796,3.6.1,harp,240,,750,680,1280,24,720,24,0,0,1280,short,Win32,SNAIL,148828,148894,148861
Mozilla,Netscape,"5.0 (Windows NT 10.0; Win64; x64) AppleWebKit/537.36 (KHTML, like Gecko) Chrome/107.0.0.0 Safari/537.36 Edg/107.0.1418.26",Inc_Synth_Nat,incongruent,1,A,04-10-22,04-10-22,15:17:35,0,0,0,0,0,796,3.6.1,torch,240,,954,680,1280,24,720,24,0,0,1280,short,Win32,CHIMP,150244,150312,150278
Mozilla,Netscape,"5.0 (Windows NT 10.0; Win64; x64) AppleWebKit/537.36 (KHTML, like Gecko) Chrome/107.0.0.0 Safari/537.36 Edg/107.0.1418.26",Con_Synth,congruent,1,A,04-10-22,04-10-22,15:17:35,0,0,0,0,0,796,3.6.1,rope,240,,830,680,1280,24,720,24,0,0,1280,short,Win32,ROPE,151894,151978,151928
Mozilla,Netscape,"5.0 (Windows NT 10.0; Win64; x64) AppleWebKit/537.36 (KHTML, like Gecko) Chrome/107.0.0.0 Safari/537.36 Edg/107.0.1418.26",Con_Nat,congruent,1,A,04-10-22,04-10-22,15:17:35,0,0,0,0,0,796,3.6.1,goose,240,,655,680,1280,24,720,24,0,0,1280,short,Win32,GOOSE,153427,153511,153461
Mozilla,Netscape,"5.0 (Windows NT 10.0; Win64; x64) AppleWebKit/537.36 (KHTML, like Gecko) Chrome/107.0.0.0 Safari/537.36 Edg/107.0.1418.26",Con_Nat,congruent,0,A,04-10-22,04-10-22,15:17:35,0,0,0,0,0,796,3.6.1,creek,240,,901,680,1280,24,720,24,0,0,1280,short,Win32,CREEK,154793,154876,154843
Mozilla,Netscape,"5.0 (Windows NT 10.0; Win64; x64) AppleWebKit/537.36 (KHTML, like Gecko) Chrome/107.0.0.0 Safari/537.36 Edg/107.0.1418.26",Inc_Synth_Synth,incongruent,0,A,04-10-22,04-10-22,15:17:35,0,0,0,0,0,796,3.6.1,wire,240,,682,680,1280,24,720,24,0,0,1280,long,Win32,CABIN,154793,159690,159657
Mozilla,Netscape,"5.0 (Windows NT 10.0; Win64; x64) AppleWebKit/537.36 (KHTML, like Gecko) Chrome/107.0.0.0 Safari/537.36 Edg/107.0.1418.26",Con_Nat,congruent,0,A,04-10-22,04-10-22,15:17:35,0,0,0,0,0,796,3.6.1,clam,240,,791,680,1280,24,720,24,0,0,1280,long,Win32,CLAM,154793,161073,161040
Mozilla,Netscape,"5.0 (Windows NT 10.0; Win64; x64) AppleWebKit/537.36 (KHTML, like Gecko) Chrome/107.0.0.0 Safari/537.36 Edg/107.0.1418.26",Inc_Synth_Synth,incongruent,0,A,04-10-22,04-10-22,15:17:35,0,0,0,0,0,796,3.6.1,deck,240,,660,680,1280,24,720,24,0,0,1280,long,Win32,PLATE,154793,162607,162557
Mozilla,Netscape,"5.0 (Windows NT 10.0; Win64; x64) AppleWebKit/537.36 (KHTML, like Gecko) Chrome/107.0.0.0 Safari/537.36 Edg/107.0.1418.26",Inc_Nat_Nat,incongruent,0,A,04-10-22,04-10-22,15:17:35,0,0,0,0,0,796,3.6.1,bunny,240,,670,680,1280,24,720,24,0,0,1280,long,Win32,ROSE,154793,164023,163973
Mozilla,Netscape,"5.0 (Windows NT 10.0; Win64; x64) AppleWebKit/537.36 (KHTML, like Gecko) Chrome/107.0.0.0 Safari/537.36 Edg/107.0.1418.26",Inc_Nat_Synth,incongruent,1,A,04-10-22,04-10-22,15:17:35,0,0,0,0,0,796,3.6.1,eagle,240,,932,680,1280,24,720,24,0,0,1280,long,Win32,WAGON,154793,165456,165406
Mozilla,Netscape,"5.0 (Windows NT 10.0; Win64; x64) AppleWebKit/537.36 (KHTML, like Gecko) Chrome/107.0.0.0 Safari/537.36 Edg/107.0.1418.26",Inc_Nat_Synth,incongruent,1,A,04-10-22,04-10-22,15:17:35,0,0,0,0,0,796,3.6.1,moose,240,,761,680,1280,24,720,24,0,0,1280,long,Win32,PORCH,154793,167121,167087
Mozilla,Netscape,"5.0 (Windows NT 10.0; Win64; x64) AppleWebKit/537.36 (KHTML, like Gecko) Chrome/107.0.0.0 Safari/537.36 Edg/107.0.1418.26",Inc_Synth_Synth,incongruent,0,A,04-10-22,04-10-22,15:17:35,0,0,0,0,0,796,3.6.1,desk,240,,818,680,1280,24,720,24,0,0,1280,long,Win32,CANDY,154793,168620,168586
Mozilla,Netscape,"5.0 (Windows NT 10.0; Win64; x64) AppleWebKit/537.36 (KHTML, like Gecko) Chrome/107.0.0.0 Safari/537.36 Edg/107.0.1418.26",Inc_Nat_Nat,incongruent,0,A,04-10-22,04-10-22,15:17:35,0,0,0,0,0,796,3.6.1,lemon,240,,635,680,1280,24,720,24,0,0,1280,long,Win32,DUCK,154793,170170,170121
Mozilla,Netscape,"5.0 (Windows NT 10.0; Win64; x64) AppleWebKit/537.36 (KHTML, like Gecko) Chrome/107.0.0.0 Safari/537.36 Edg/107.0.1418.26",Con_Synth,congruent,1,A,04-10-22,04-10-22,15:17:35,0,0,0,0,0,796,3.6.1,ferry,240,,698,680,1280,24,720,24,0,0,1280,long,Win32,FERRY,154793,171536,171486
Mozilla,Netscape,"5.0 (Windows NT 10.0; Win64; x64) AppleWebKit/537.36 (KHTML, like Gecko) Chrome/107.0.0.0 Safari/537.36 Edg/107.0.1418.26",Inc_Synth_Nat,incongruent,1,A,04-10-22,04-10-22,15:17:35,0,0,0,0,0,796,3.6.1,pipe,240,,688,680,1280,24,720,24,0,0,1280,long,Win32,LION,154793,172969,172935
Mozilla,Netscape,"5.0 (Windows NT 10.0; Win64; x64) AppleWebKit/537.36 (KHTML, like Gecko) Chrome/107.0.0.0 Safari/537.36 Edg/107.0.1418.26",Con_Synth,congruent,1,A,04-10-22,04-10-22,15:17:35,0,0,0,0,0,796,3.6.1,tongs,240,,786,680,1280,24,720,24,0,0,1280,long,Win32,TONGS,154793,174419,174369
Mozilla,Netscape,"5.0 (Windows NT 10.0; Win64; x64) AppleWebKit/537.36 (KHTML, like Gecko) Chrome/107.0.0.0 Safari/537.36 Edg/107.0.1418.26",Con_Nat,congruent,1,A,04-10-22,04-10-22,15:17:35,0,0,0,0,0,796,3.6.1,plum,240,,723,680,1280,24,720,24,0,0,1280,long,Win32,PLUM,154793,175952,175918
Mozilla,Netscape,"5.0 (Windows NT 10.0; Win64; x64) AppleWebKit/537.36 (KHTML, like Gecko) Chrome/107.0.0.0 Safari/537.36 Edg/107.0.1418.26",Inc_Nat_Synth,incongruent,1,A,04-10-22,04-10-22,15:17:35,0,0,0,0,0,796,3.6.1,wheat,240,,707,680,1280,24,720,24,0,0,1280,long,Win32,BRICK,154793,177418,177384
Mozilla,Netscape,"5.0 (Windows NT 10.0; Win64; x64) AppleWebKit/537.36 (KHTML, like Gecko) Chrome/107.0.0.0 Safari/537.36 Edg/107.0.1418.26",Inc_Nat_Nat,incongruent,0,A,04-10-22,04-10-22,15:17:35,0,0,0,0,0,796,3.6.1,shell,240,,788,680,1280,24,720,24,0,0,1280,long,Win32,DIRT,154793,178883,178833
Mozilla,Netscape,"5.0 (Windows NT 10.0; Win64; x64) AppleWebKit/537.36 (KHTML, like Gecko) Chrome/107.0.0.0 Safari/537.36 Edg/107.0.1418.26",Con_Synth,congruent,1,A,04-10-22,04-10-22,15:17:35,0,0,0,0,0,796,3.6.1,arrow,240,,967,680,1280,24,720,24,0,0,1280,long,Win32,ARROW,154793,180416,180383
Mozilla,Netscape,"5.0 (Windows NT 10.0; Win64; x64) AppleWebKit/537.36 (KHTML, like Gecko) Chrome/107.0.0.0 Safari/537.36 Edg/107.0.1418.26",Inc_Nat_Synth,incongruent,1,A,04-10-22,04-10-22,15:17:35,0,0,0,0,0,796,3.6.1,cloud,240,,734,680,1280,24,720,24,0,0,1280,long,Win32,MOTEL,154793,182116,182082
Mozilla,Netscape,"5.0 (Windows NT 10.0; Win64; x64) AppleWebKit/537.36 (KHTML, like Gecko) Chrome/107.0.0.0 Safari/537.36 Edg/107.0.1418.26",Con_Nat,congruent,1,A,04-10-22,04-10-22,15:17:35,0,0,0,0,0,796,3.6.1,peas,240,,666,680,1280,24,720,24,0,0,1280,long,Win32,PEAS,154793,183599,183565
Mozilla,Netscape,"5.0 (Windows NT 10.0; Win64; x64) AppleWebKit/537.36 (KHTML, like Gecko) Chrome/107.0.0.0 Safari/537.36 Edg/107.0.1418.26",Con_Nat,congruent,0,A,04-10-22,04-10-22,15:17:35,0,0,0,0,0,796,3.6.1,reef,240,,877,680,1280,24,720,24,0,0,1280,long,Win32,REEF,154793,185015,184981
Mozilla,Netscape,"5.0 (Windows NT 10.0; Win64; x64) AppleWebKit/537.36 (KHTML, like Gecko) Chrome/107.0.0.0 Safari/537.36 Edg/107.0.1418.26",Inc_Synth_Nat,incongruent,1,A,04-10-22,04-10-22,15:17:35,0,0,0,0,0,796,3.6.1,soap,240,,663,680,1280,24,720,24,0,0,1280,long,Win32,PONY,154793,186631,186597
Mozilla,Netscape,"5.0 (Windows NT 10.0; Win64; x64) AppleWebKit/537.36 (KHTML, like Gecko) Chrome/107.0.0.0 Safari/537.36 Edg/107.0.1418.26",Con_Synth,congruent,1,A,04-10-22,04-10-22,15:17:35,0,0,0,0,0,796,3.6.1,linen,240,,773,680,1280,24,720,24,0,0,1280,long,Win32,LINEN,154793,188014,187980
Mozilla,Netscape,"5.0 (Windows NT 10.0; Win64; x64) AppleWebKit/537.36 (KHTML, like Gecko) Chrome/107.0.0.0 Safari/537.36 Edg/107.0.1418.26",Inc_Synth_Synth,incongruent,0,A,04-10-22,04-10-22,15:17:35,0,0,0,0,0,796,3.6.1,roof,240,,700,680,1280,24,720,24,0,0,1280,long,Win32,PIANO,154793,189530,189496
Mozilla,Netscape,"5.0 (Windows NT 10.0; Win64; x64) AppleWebKit/537.36 (KHTML, like Gecko) Chrome/107.0.0.0 Safari/537.36 Edg/107.0.1418.26",Inc_Synth_Nat,incongruent,1,A,04-10-22,04-10-22,15:17:35,0,0,0,0,0,796,3.6.1,fort,240,,533,680,1280,24,720,24,0,0,1280,long,Win32,GOAT,154793,190978,190945
Mozilla,Netscape,"5.0 (Windows NT 10.0; Win64; x64) AppleWebKit/537.36 (KHTML, like Gecko) Chrome/107.0.0.0 Safari/537.36 Edg/107.0.1418.26",Con_Nat,congruent,1,A,04-10-22,04-10-22,15:17:35,0,0,0,0,0,796,3.6.1,stick,240,,1371,680,1280,24,720,24,0,0,1280,long,Win32,STICK,154793,192229,192195
Mozilla,Netscape,"5.0 (Windows NT 10.0; Win64; x64) AppleWebKit/537.36 (KHTML, like Gecko) Chrome/107.0.0.0 Safari/537.36 Edg/107.0.1418.26",Con_Nat,congruent,1,A,04-10-22,04-10-22,15:17:35,0,0,0,0,0,796,3.6.1,earth,240,,546,680,1280,24,720,24,0,0,1280,long,Win32,EARTH,154793,194361,194311
Mozilla,Netscape,"5.0 (Windows NT 10.0; Win64; x64) AppleWebKit/537.36 (KHTML, like Gecko) Chrome/107.0.0.0 Safari/537.36 Edg/107.0.1418.26",Inc_Synth_Nat,incongruent,1,A,04-10-22,04-10-22,15:17:35,0,0,0,0,0,796,3.6.1,barn,240,,751,680,1280,24,720,24,0,0,1280,long,Win32,TUNA,154793,195627,195594
Mozilla,Netscape,"5.0 (Windows NT 10.0; Win64; x64) AppleWebKit/537.36 (KHTML, like Gecko) Chrome/107.0.0.0 Safari/537.36 Edg/107.0.1418.26",Con_Nat,congruent,1,A,04-10-22,04-10-22,15:17:35,0,0,0,0,0,796,3.6.1,pear,240,,660,680,1280,24,720,24,0,0,1280,long,Win32,PEAR,154793,197126,197076
Mozilla,Netscape,"5.0 (Windows NT 10.0; Win64; x64) AppleWebKit/537.36 (KHTML, like Gecko) Chrome/107.0.0.0 Safari/537.36 Edg/107.0.1418.26",Con_Nat,congruent,1,A,04-10-22,04-10-22,15:17:35,0,0,0,0,0,796,3.6.1,boar,240,,1160,680,1280,24,720,24,0,0,1280,long,Win32,BOAR,154793,198509,198476
Mozilla,Netscape,"5.0 (Windows NT 10.0; Win64; x64) AppleWebKit/537.36 (KHTML, like Gecko) Chrome/107.0.0.0 Safari/537.36 Edg/107.0.1418.26",Inc_Synth_Synth,incongruent,0,A,04-10-22,04-10-22,15:17:35,0,0,0,0,0,796,3.6.1,bell,240,,839,680,1280,24,720,24,0,0,1280,long,Win32,WHEEL,154793,200392,200358
Mozilla,Netscape,"5.0 (Windows NT 10.0; Win64; x64) AppleWebKit/537.36 (KHTML, like Gecko) Chrome/107.0.0.0 Safari/537.36 Edg/107.0.1418.26",Inc_Nat_Nat,incongruent,0,A,04-10-22,04-10-22,15:17:35,0,0,0,0,0,796,3.6.1,ocean,240,,557,680,1280,24,720,24,0,0,1280,long,Win32,TREE,154793,201974,201925
Mozilla,Netscape,"5.0 (Windows NT 10.0; Win64; x64) AppleWebKit/537.36 (KHTML, like Gecko) Chrome/107.0.0.0 Safari/537.36 Edg/107.0.1418.26",Con_Synth,congruent,1,A,04-10-22,04-10-22,15:17:35,0,0,0,0,0,796,3.6.1,crate,240,,1195,680,1280,24,720,24,0,0,1280,long,Win32,CRATE,154793,203257,203224
Mozilla,Netscape,"5.0 (Windows NT 10.0; Win64; x64) AppleWebKit/537.36 (KHTML, like Gecko) Chrome/107.0.0.0 Safari/537.36 Edg/107.0.1418.26",Inc_Synth_Synth,incongruent,0,A,04-10-22,04-10-22,15:17:35,0,0,0,0,0,796,3.6.1,shoe,240,,776,680,1280,24,720,24,0,0,1280,long,Win32,COUCH,154793,205173,205140
Mozilla,Netscape,"5.0 (Windows NT 10.0; Win64; x64) AppleWebKit/537.36 (KHTML, like Gecko) Chrome/107.0.0.0 Safari/537.36 Edg/107.0.1418.26",Inc_Nat_Nat,incongruent,0,A,04-10-22,04-10-22,15:17:35,0,0,0,0,0,796,3.6.1,fruit,240,,655,680,1280,24,720,24,0,0,1280,long,Win32,BEAR,154793,206689,206640
Mozilla,Netscape,"5.0 (Windows NT 10.0; Win64; x64) AppleWebKit/537.36 (KHTML, like Gecko) Chrome/107.0.0.0 Safari/537.36 Edg/107.0.1418.26",Con_Synth,congruent,1,A,04-10-22,04-10-22,15:17:35,0,0,0,0,0,796,3.6.1,broom,240,,787,680,1280,24,720,24,0,0,1280,long,Win32,BROOM,154793,208056,208022
Mozilla,Netscape,"5.0 (Windows NT 10.0; Win64; x64) AppleWebKit/537.36 (KHTML, like Gecko) Chrome/107.0.0.0 Safari/537.36 Edg/107.0.1418.26",Inc_Synth_Synth,incongruent,0,A,04-10-22,04-10-22,15:17:35,0,0,0,0,0,796,3.6.1,taxi,240,,796,680,1280,24,720,24,0,0,1280,long,Win32,CHAIN,154793,209605,209555
Mozilla,Netscape,"5.0 (Windows NT 10.0; Win64; x64) AppleWebKit/537.36 (KHTML, like Gecko) Chrome/107.0.0.0 Safari/537.36 Edg/107.0.1418.26",Inc_Nat_Synth,incongruent,1,A,04-10-22,04-10-22,15:17:35,0,0,0,0,0,796,3.6.1,swamp,240,,805,680,1280,24,720,24,0,0,1280,long,Win32,DRILL,154793,211138,211088
Mozilla,Netscape,"5.0 (Windows NT 10.0; Win64; x64) AppleWebKit/537.36 (KHTML, like Gecko) Chrome/107.0.0.0 Safari/537.36 Edg/107.0.1418.26",Inc_Nat_Nat,incongruent,0,A,04-10-22,04-10-22,15:17:35,0,0,0,0,0,796,3.6.1,shark,240,,800,680,1280,24,720,24,0,0,1280,long,Win32,HILL,154793,212704,212654
Mozilla,Netscape,"5.0 (Windows NT 10.0; Win64; x64) AppleWebKit/537.36 (KHTML, like Gecko) Chrome/107.0.0.0 Safari/537.36 Edg/107.0.1418.26",Con_Nat,congruent,1,A,04-10-22,04-10-22,15:17:35,0,0,0,0,0,796,3.6.1,moss,240,,738,680,1280,24,720,24,0,0,1280,long,Win32,MOSS,154793,214269,214220
Mozilla,Netscape,"5.0 (Windows NT 10.0; Win64; x64) AppleWebKit/537.36 (KHTML, like Gecko) Chrome/107.0.0.0 Safari/537.36 Edg/107.0.1418.26",Con_Synth,congruent,1,A,04-10-22,04-10-22,15:17:35,0,0,0,0,0,796,3.6.1,stair,240,,656,680,1280,24,720,24,0,0,1280,long,Win32,STAIR,154793,215752,215703
Mozilla,Netscape,"5.0 (Windows NT 10.0; Win64; x64) AppleWebKit/537.36 (KHTML, like Gecko) Chrome/107.0.0.0 Safari/537.36 Edg/107.0.1418.26",Inc_Synth_Nat,incongruent,1,A,04-10-22,04-10-22,15:17:35,0,0,0,0,0,796,3.6.1,sink,240,,607,680,1280,24,720,24,0,0,1280,long,Win32,LAMB,154793,217152,217102
Mozilla,Netscape,"5.0 (Windows NT 10.0; Win64; x64) AppleWebKit/537.36 (KHTML, like Gecko) Chrome/107.0.0.0 Safari/537.36 Edg/107.0.1418.26",Con_Nat,congruent,0,A,04-10-22,04-10-22,15:17:35,0,0,0,0,0,796,3.6.1,slug,240,,577,680,1280,24,720,24,0,0,1280,long,Win32,SLUG,154793,218501,218468
Mozilla,Netscape,"5.0 (Windows NT 10.0; Win64; x64) AppleWebKit/537.36 (KHTML, like Gecko) Chrome/107.0.0.0 Safari/537.36 Edg/107.0.1418.26",Con_Synth,congruent,1,A,04-10-22,04-10-22,15:17:35,0,0,0,0,0,796,3.6.1,jeans,240,,735,680,1280,24,720,24,0,0,1280,long,Win32,JEANS,154793,219800,219767
Mozilla,Netscape,"5.0 (Windows NT 10.0; Win64; x64) AppleWebKit/537.36 (KHTML, like Gecko) Chrome/107.0.0.0 Safari/537.36 Edg/107.0.1418.26",Inc_Nat_Nat,incongruent,0,A,04-10-22,04-10-22,15:17:35,0,0,0,0,0,796,3.6.1,sheep,240,,788,680,1280,24,720,24,0,0,1280,long,Win32,BULL,154793,221284,221234
Mozilla,Netscape,"5.0 (Windows NT 10.0; Win64; x64) AppleWebKit/537.36 (KHTML, like Gecko) Chrome/107.0.0.0 Safari/537.36 Edg/107.0.1418.26",Inc_Synth_Nat,incongruent,1,A,04-10-22,04-10-22,15:17:35,0,0,0,0,0,796,3.6.1,bowl,240,,528,680,1280,24,720,24,0,0,1280,long,Win32,WOLF,154793,222833,222783
Mozilla,Netscape,"5.0 (Windows NT 10.0; Win64; x64) AppleWebKit/537.36 (KHTML, like Gecko) Chrome/107.0.0.0 Safari/537.36 Edg/107.0.1418.26",Con_Synth,congruent,1,A,04-10-22,04-10-22,15:17:35,0,0,0,0,0,796,3.6.1,canon,240,,1051,680,1280,24,720,24,0,0,1280,long,Win32,CANON,154793,224116,224066
Mozilla,Netscape,"5.0 (Windows NT 10.0; Win64; x64) AppleWebKit/537.36 (KHTML, like Gecko) Chrome/107.0.0.0 Safari/537.36 Edg/107.0.1418.26",Inc_Nat_Synth,incongruent,1,A,04-10-22,04-10-22,15:17:35,0,0,0,0,0,796,3.6.1,flood,240,,789,680,1280,24,720,24,0,0,1280,long,Win32,SKIRT,154793,225932,225882
Mozilla,Netscape,"5.0 (Windows NT 10.0; Win64; x64) AppleWebKit/537.36 (KHTML, like Gecko) Chrome/107.0.0.0 Safari/537.36 Edg/107.0.1418.26",Con_Synth,congruent,1,A,04-10-22,04-10-22,15:17:35,0,0,0,0,0,796,3.6.1,canoe,240,,1172,680,1280,24,720,24,0,0,1280,long,Win32,CANOE,154793,227481,227431
Mozilla,Netscape,"5.0 (Windows NT 10.0; Win64; x64) AppleWebKit/537.36 (KHTML, like Gecko) Chrome/107.0.0.0 Safari/537.36 Edg/107.0.1418.26",Inc_Synth_Synth,incongruent,0,A,04-10-22,04-10-22,15:17:35,0,0,0,0,0,796,3.6.1,cake,240,,567,680,1280,24,720,24,0,0,1280,long,Win32,TRASH,154793,229413,229364
Mozilla,Netscape,"5.0 (Windows NT 10.0; Win64; x64) AppleWebKit/537.36 (KHTML, like Gecko) Chrome/107.0.0.0 Safari/537.36 Edg/107.0.1418.26",Con_Nat,congruent,1,A,04-10-22,04-10-22,15:17:35,0,0,0,0,0,796,3.6.1,crab,240,,627,680,1280,24,720,24,0,0,1280,long,Win32,CRAB,154793,230730,230680
Mozilla,Netscape,"5.0 (Windows NT 10.0; Win64; x64) AppleWebKit/537.36 (KHTML, like Gecko) Chrome/107.0.0.0 Safari/537.36 Edg/107.0.1418.26",Con_Nat,congruent,1,A,04-10-22,04-10-22,15:17:35,0,0,0,0,0,796,3.6.1,swan,240,,617,680,1280,24,720,24,0,0,1280,long,Win32,SWAN,154793,232112,232063
Mozilla,Netscape,"5.0 (Windows NT 10.0; Win64; x64) AppleWebKit/537.36 (KHTML, like Gecko) Chrome/107.0.0.0 Safari/537.36 Edg/107.0.1418.26",Inc_Synth_Nat,incongruent,1,A,04-10-22,04-10-22,15:17:35,0,0,0,0,0,796,3.6.1,mall,240,,901,680,1280,24,720,24,0,0,1280,long,Win32,BUSH,154793,233478,233429
Mozilla,Netscape,"5.0 (Windows NT 10.0; Win64; x64) AppleWebKit/537.36 (KHTML, like Gecko) Chrome/107.0.0.0 Safari/537.36 Edg/107.0.1418.26",Inc_Nat_Nat,incongruent,0,A,04-10-22,04-10-22,15:17:35,0,0,0,0,0,796,3.6.1,storm,240,,598,680,1280,24,720,24,0,0,1280,long,Win32,LAND,154793,235128,235078
Mozilla,Netscape,"5.0 (Windows NT 10.0; Win64; x64) AppleWebKit/537.36 (KHTML, like Gecko) Chrome/107.0.0.0 Safari/537.36 Edg/107.0.1418.26",Con_Synth,congruent,1,A,04-10-22,04-10-22,15:17:35,0,0,0,0,0,796,3.6.1,scarf,240,,774,680,1280,24,720,24,0,0,1280,long,Win32,SCARF,154793,236477,236428
Mozilla,Netscape,"5.0 (Windows NT 10.0; Win64; x64) AppleWebKit/537.36 (KHTML, like Gecko) Chrome/107.0.0.0 Safari/537.36 Edg/107.0.1418.26",Con_Synth,congruent,1,A,04-10-22,04-10-22,15:17:35,0,0,0,0,0,796,3.6.1,stove,240,,567,680,1280,24,720,24,0,0,1280,long,Win32,STOVE,154793,237994,237957
Mozilla,Netscape,"5.0 (Windows NT 10.0; Win64; x64) AppleWebKit/537.36 (KHTML, like Gecko) Chrome/107.0.0.0 Safari/537.36 Edg/107.0.1418.26",Con_Nat,congruent,0,A,04-10-22,04-10-22,15:17:35,0,0,0,0,0,796,3.6.1,stone,240,,810,680,1280,24,720,24,0,0,1280,long,Win32,STONE,154793,239310,239276
Mozilla,Netscape,"5.0 (Windows NT 10.0; Win64; x64) AppleWebKit/537.36 (KHTML, like Gecko) Chrome/107.0.0.0 Safari/537.36 Edg/107.0.1418.26",Inc_Nat_Synth,incongruent,1,A,04-10-22,04-10-22,15:17:35,0,0,0,0,0,796,3.6.1,olive,240,,971,680,1280,24,720,24,0,0,1280,long,Win32,MOTOR,154793,240860,240826
Mozilla,Netscape,"5.0 (Windows NT 10.0; Win64; x64) AppleWebKit/537.36 (KHTML, like Gecko) Chrome/107.0.0.0 Safari/537.36 Edg/107.0.1418.26",Con_Synth,congruent,1,A,04-10-22,04-10-22,15:17:35,0,0,0,0,0,796,3.6.1,flask,240,,803,680,1280,24,720,24,0,0,1280,long,Win32,FLASK,154793,242576,242542
Mozilla,Netscape,"5.0 (Windows NT 10.0; Win64; x64) AppleWebKit/537.36 (KHTML, like Gecko) Chrome/107.0.0.0 Safari/537.36 Edg/107.0.1418.26",Con_Nat,congruent,1,A,04-10-22,04-10-22,15:17:35,0,0,0,0,0,796,3.6.1,wasp,240,,685,680,1280,24,720,24,0,0,1280,long,Win32,WASP,154793,244124,244091
Mozilla,Netscape,"5.0 (Windows NT 10.0; Win64; x64) AppleWebKit/537.36 (KHTML, like Gecko) Chrome/107.0.0.0 Safari/537.36 Edg/107.0.1418.26",Con_Nat,congruent,1,A,04-10-22,04-10-22,15:17:35,0,0,0,0,0,796,3.6.1,hare,240,,959,680,1280,24,720,24,0,0,1280,long,Win32,HARE,154793,245540,245507
Mozilla,Netscape,"5.0 (Windows NT 10.0; Win64; x64) AppleWebKit/537.36 (KHTML, like Gecko) Chrome/107.0.0.0 Safari/537.36 Edg/107.0.1418.26",Con_Synth,congruent,1,A,04-10-22,04-10-22,15:17:35,0,0,0,0,0,796,3.6.1,apron,240,,901,680,1280,24,720,24,0,0,1280,long,Win32,APRON,154793,247240,247190
Mozilla,Netscape,"5.0 (Windows NT 10.0; Win64; x64) AppleWebKit/537.36 (KHTML, like Gecko) Chrome/107.0.0.0 Safari/537.36 Edg/107.0.1418.26",Con_Synth,congruent,1,A,04-10-22,04-10-22,15:17:35,0,0,0,0,0,796,3.6.1,flute,240,,923,680,1280,24,720,24,0,0,1280,long,Win32,FLUTE,154793,248906,248856
Mozilla,Netscape,"5.0 (Macintosh; Intel Mac OS X 10_15_7) AppleWebKit/605.1.15 (KHTML, like Gecko) Version/14.1.2 Safari/605.1.15",practice,practice,1,None,04-10-22,04-10-22,13:59:47,0,0,0,0,0,795,3.6.1,abjdhjs,240,,1088,807,1440,24,900,24,0,0,1440,practice,MacIntel,HORSE,46804,46904,46853
Mozilla,Netscape,"5.0 (Macintosh; Intel Mac OS X 10_15_7) AppleWebKit/605.1.15 (KHTML, like Gecko) Version/14.1.2 Safari/605.1.15",practice,practice,1,None,04-10-22,04-10-22,13:59:47,0,0,0,0,0,795,3.6.1,snjghf,240,,693,807,1440,24,900,24,0,0,1440,practice,MacIntel,SHEEP,48620,48721,48671
Mozilla,Netscape,"5.0 (Macintosh; Intel Mac OS X 10_15_7) AppleWebKit/605.1.15 (KHTML, like Gecko) Version/14.1.2 Safari/605.1.15",practice,practice,1,None,04-10-22,04-10-22,13:59:47,0,0,0,0,0,795,3.6.1,nvoiuh,240,,681,807,1440,24,900,24,0,0,1440,practice,MacIntel,HOUSE,50036,50137,50088
Mozilla,Netscape,"5.0 (Macintosh; Intel Mac OS X 10_15_7) AppleWebKit/605.1.15 (KHTML, like Gecko) Version/14.1.2 Safari/605.1.15",practice,practice,1,None,04-10-22,04-10-22,13:59:47,0,0,0,0,0,795,3.6.1,iweonf,240,,643,807,1440,24,900,24,0,0,1440,practice,MacIntel,BOAT,51453,51554,51505
Mozilla,Netscape,"5.0 (Macintosh; Intel Mac OS X 10_15_7) AppleWebKit/605.1.15 (KHTML, like Gecko) Version/14.1.2 Safari/605.1.15",Inc_Synth_Nat,incongruent,0,A,04-10-22,04-10-22,13:59:47,0,0,0,0,0,795,3.6.1,arena,240,,648,807,1440,24,900,24,0,0,1440,short,MacIntel,VINE,57638,57738,57688
Mozilla,Netscape,"5.0 (Macintosh; Intel Mac OS X 10_15_7) AppleWebKit/605.1.15 (KHTML, like Gecko) Version/14.1.2 Safari/605.1.15",Con_Synth,congruent,1,A,04-10-22,04-10-22,13:59:47,0,0,0,0,0,795,3.6.1,doll,240,,576,807,1440,24,900,24,0,0,1440,short,MacIntel,DOLL,59022,59121,59072
Mozilla,Netscape,"5.0 (Macintosh; Intel Mac OS X 10_15_7) AppleWebKit/605.1.15 (KHTML, like Gecko) Version/14.1.2 Safari/605.1.15",Con_Synth,congruent,1,A,04-10-22,04-10-22,13:59:47,0,0,0,0,0,795,3.6.1,mail,240,,698,807,1440,24,900,24,0,0,1440,short,MacIntel,MAIL,60322,60421,60371
Mozilla,Netscape,"5.0 (Macintosh; Intel Mac OS X 10_15_7) AppleWebKit/605.1.15 (KHTML, like Gecko) Version/14.1.2 Safari/605.1.15",Inc_Nat_Synth,incongruent,1,A,04-10-22,04-10-22,13:59:47,0,0,0,0,0,795,3.6.1,leaf,240,,660,807,1440,24,900,24,0,0,1440,short,MacIntel,COIN,61754,61855,61804
Mozilla,Netscape,"5.0 (Macintosh; Intel Mac OS X 10_15_7) AppleWebKit/605.1.15 (KHTML, like Gecko) Version/14.1.2 Safari/605.1.15",Inc_Synth_Synth,incongruent,0,A,04-10-22,04-10-22,13:59:47,0,0,0,0,0,795,3.6.1,wharf,240,,687,807,1440,24,900,24,0,0,1440,short,MacIntel,RAZOR,63139,63237,63188
Mozilla,Netscape,"5.0 (Macintosh; Intel Mac OS X 10_15_7) AppleWebKit/605.1.15 (KHTML, like Gecko) Version/14.1.2 Safari/605.1.15",Inc_Synth_Nat,incongruent,1,A,04-10-22,04-10-22,13:59:47,0,0,0,0,0,795,3.6.1,harp,240,,735,807,1440,24,900,24,0,0,1440,short,MacIntel,SNAIL,64554,64653,64605
Mozilla,Netscape,"5.0 (Macintosh; Intel Mac OS X 10_15_7) AppleWebKit/605.1.15 (KHTML, like Gecko) Version/14.1.2 Safari/605.1.15",Con_Synth,congruent,1,A,04-10-22,04-10-22,13:59:47,0,0,0,0,0,795,3.6.1,toast,240,,805,807,1440,24,900,24,0,0,1440,short,MacIntel,TOAST,66005,66104,66055
Mozilla,Netscape,"5.0 (Macintosh; Intel Mac OS X 10_15_7) AppleWebKit/605.1.15 (KHTML, like Gecko) Version/14.1.2 Safari/605.1.15",Inc_Synth_Synth,incongruent,0,A,04-10-22,04-10-22,13:59:47,0,0,0,0,0,795,3.6.1,sash,240,,670,807,1440,24,900,24,0,0,1440,short,MacIntel,CLOTH,67538,67637,67588
Mozilla,Netscape,"5.0 (Macintosh; Intel Mac OS X 10_15_7) AppleWebKit/605.1.15 (KHTML, like Gecko) Version/14.1.2 Safari/605.1.15",Con_Nat,congruent,1,A,04-10-22,04-10-22,13:59:47,0,0,0,0,0,795,3.6.1,puppy,240,,799,807,1440,24,900,24,0,0,1440,short,MacIntel,PUPPY,68937,69038,68988
Mozilla,Netscape,"5.0 (Macintosh; Intel Mac OS X 10_15_7) AppleWebKit/605.1.15 (KHTML, like Gecko) Version/14.1.2 Safari/605.1.15",Inc_Nat_Synth,incongruent,1,A,04-10-22,04-10-22,13:59:47,0,0,0,0,0,795,3.6.1,melon,240,,1337,807,1440,24,900,24,0,0,1440,short,MacIntel,HOSE,70471,70572,70522
Mozilla,Netscape,"5.0 (Macintosh; Intel Mac OS X 10_15_7) AppleWebKit/605.1.15 (KHTML, like Gecko) Version/14.1.2 Safari/605.1.15",Inc_Synth_Nat,incongruent,1,A,04-10-22,04-10-22,13:59:47,0,0,0,0,0,795,3.6.1,rail,240,,899,807,1440,24,900,24,0,0,1440,short,MacIntel,SQUID,72538,72639,72588
Mozilla,Netscape,"5.0 (Macintosh; Intel Mac OS X 10_15_7) AppleWebKit/605.1.15 (KHTML, like Gecko) Version/14.1.2 Safari/605.1.15",Inc_Synth_Synth,incongruent,0,A,04-10-22,04-10-22,13:59:47,0,0,0,0,0,795,3.6.1,patio,240,,710,807,1440,24,900,24,0,0,1440,short,MacIntel,SPOON,74171,74272,74222
Mozilla,Netscape,"5.0 (Macintosh; Intel Mac OS X 10_15_7) AppleWebKit/605.1.15 (KHTML, like Gecko) Version/14.1.2 Safari/605.1.15",Con_Nat,congruent,1,A,04-10-22,04-10-22,13:59:47,0,0,0,0,0,795,3.6.1,tiger,240,,713,807,1440,24,900,24,0,0,1440,short,MacIntel,TIGER,75605,75706,75656
Mozilla,Netscape,"5.0 (Macintosh; Intel Mac OS X 10_15_7) AppleWebKit/605.1.15 (KHTML, like Gecko) Version/14.1.2 Safari/605.1.15",Con_Synth,congruent,1,A,04-10-22,04-10-22,13:59:47,0,0,0,0,0,795,3.6.1,drug,240,,791,807,1440,24,900,24,0,0,1440,short,MacIntel,DRUG,77039,77139,77088
Mozilla,Netscape,"5.0 (Macintosh; Intel Mac OS X 10_15_7) AppleWebKit/605.1.15 (KHTML, like Gecko) Version/14.1.2 Safari/605.1.15",Inc_Synth_Synth,incongruent,0,A,04-10-22,04-10-22,13:59:47,0,0,0,0,0,795,3.6.1,kiosk,240,,698,807,1440,24,900,24,0,0,1440,short,MacIntel,SOFA,78555,78655,78605
Mozilla,Netscape,"5.0 (Macintosh; Intel Mac OS X 10_15_7) AppleWebKit/605.1.15 (KHTML, like Gecko) Version/14.1.2 Safari/605.1.15",Con_Synth,congruent,1,A,04-10-22,04-10-22,13:59:47,0,0,0,0,0,795,3.6.1,tower,240,,593,807,1440,24,900,24,0,0,1440,short,MacIntel,TOWER,79988,80089,80039
Mozilla,Netscape,"5.0 (Macintosh; Intel Mac OS X 10_15_7) AppleWebKit/605.1.15 (KHTML, like Gecko) Version/14.1.2 Safari/605.1.15",Con_Synth,congruent,1,A,04-10-22,04-10-22,13:59:47,0,0,0,0,0,795,3.6.1,coat,240,,887,807,1440,24,900,24,0,0,1440,short,MacIntel,COAT,81306,81406,81355
Mozilla,Netscape,"5.0 (Macintosh; Intel Mac OS X 10_15_7) AppleWebKit/605.1.15 (KHTML, like Gecko) Version/14.1.2 Safari/605.1.15",Inc_Nat_Nat,incongruent,0,A,04-10-22,04-10-22,13:59:47,0,0,0,0,0,795,3.6.1,grape,240,,775,807,1440,24,900,24,0,0,1440,short,MacIntel,LLAMA,82905,83006,82956
Mozilla,Netscape,"5.0 (Macintosh; Intel Mac OS X 10_15_7) AppleWebKit/605.1.15 (KHTML, like Gecko) Version/14.1.2 Safari/605.1.15",Inc_Synth_Synth,incongruent,0,A,04-10-22,04-10-22,13:59:47,0,0,0,0,0,795,3.6.1,spade,240,,686,807,1440,24,900,24,0,0,1440,short,MacIntel,SHELF,84405,84506,84456
Mozilla,Netscape,"5.0 (Macintosh; Intel Mac OS X 10_15_7) AppleWebKit/605.1.15 (KHTML, like Gecko) Version/14.1.2 Safari/605.1.15",Con_Synth,congruent,1,A,04-10-22,04-10-22,13:59:47,0,0,0,0,0,795,3.6.1,rope,240,,704,807,1440,24,900,24,0,0,1440,short,MacIntel,ROPE,85823,85923,85872
Mozilla,Netscape,"5.0 (Macintosh; Intel Mac OS X 10_15_7) AppleWebKit/605.1.15 (KHTML, like Gecko) Version/14.1.2 Safari/605.1.15",Con_Synth,congruent,1,A,04-10-22,04-10-22,13:59:47,0,0,0,0,0,795,3.6.1,bread,240,,703,807,1440,24,900,24,0,0,1440,short,MacIntel,BREAD,87256,87356,87306
Mozilla,Netscape,"5.0 (Macintosh; Intel Mac OS X 10_15_7) AppleWebKit/605.1.15 (KHTML, like Gecko) Version/14.1.2 Safari/605.1.15",Inc_Nat_Synth,incongruent,1,A,04-10-22,04-10-22,13:59:47,0,0,0,0,0,795,3.6.1,peach,240,,651,807,1440,24,900,24,0,0,1440,short,MacIntel,SHED,88689,88790,88740
Mozilla,Netscape,"5.0 (Macintosh; Intel Mac OS X 10_15_7) AppleWebKit/605.1.15 (KHTML, like Gecko) Version/14.1.2 Safari/605.1.15",Inc_Synth_Synth,incongruent,0,A,04-10-22,04-10-22,13:59:47,0,0,0,0,0,795,3.6.1,silo,240,,695,807,1440,24,900,24,0,0,1440,short,MacIntel,PLAZA,90073,90173,90123
Mozilla,Netscape,"5.0 (Macintosh; Intel Mac OS X 10_15_7) AppleWebKit/605.1.15 (KHTML, like Gecko) Version/14.1.2 Safari/605.1.15",Con_Nat,congruent,1,A,04-10-22,04-10-22,13:59:47,0,0,0,0,0,795,3.6.1,hawk,240,,792,807,1440,24,900,24,0,0,1440,short,MacIntel,HAWK,91490,91590,91540
Mozilla,Netscape,"5.0 (Macintosh; Intel Mac OS X 10_15_7) AppleWebKit/605.1.15 (KHTML, like Gecko) Version/14.1.2 Safari/605.1.15",Con_Nat,congruent,1,A,04-10-22,04-10-22,13:59:47,0,0,0,0,0,795,3.6.1,goose,240,,565,807,1440,24,900,24,0,0,1440,short,MacIntel,GOOSE,93006,93106,93057
Mozilla,Netscape,"5.0 (Macintosh; Intel Mac OS X 10_15_7) AppleWebKit/605.1.15 (KHTML, like Gecko) Version/14.1.2 Safari/605.1.15",Inc_Nat_Synth,incongruent,1,A,04-10-22,04-10-22,13:59:47,0,0,0,0,0,795,3.6.1,crow,240,,787,807,1440,24,900,24,0,0,1440,short,MacIntel,YACHT,94307,94407,94357
Mozilla,Netscape,"5.0 (Macintosh; Intel Mac OS X 10_15_7) AppleWebKit/605.1.15 (KHTML, like Gecko) Version/14.1.2 Safari/605.1.15",Con_Nat,congruent,0,A,04-10-22,04-10-22,13:59:47,0,0,0,0,0,795,3.6.1,seed,240,,964,807,1440,24,900,24,0,0,1440,short,MacIntel,SEED,95823,95923,95873
Mozilla,Netscape,"5.0 (Macintosh; Intel Mac OS X 10_15_7) AppleWebKit/605.1.15 (KHTML, like Gecko) Version/14.1.2 Safari/605.1.15",Con_Synth,congruent,1,A,04-10-22,04-10-22,13:59:47,0,0,0,0,0,795,3.6.1,tank,240,,653,807,1440,24,900,24,0,0,1440,short,MacIntel,TANK,97506,97591,97555
Mozilla,Netscape,"5.0 (Macintosh; Intel Mac OS X 10_15_7) AppleWebKit/605.1.15 (KHTML, like Gecko) Version/14.1.2 Safari/605.1.15",Inc_Nat_Nat,incongruent,0,A,04-10-22,04-10-22,13:59:47,0,0,0,0,0,795,3.6.1,cobra,240,,784,807,1440,24,900,24,0,0,1440,short,MacIntel,TWIG,98874,98972,98923
Mozilla,Netscape,"5.0 (Macintosh; Intel Mac OS X 10_15_7) AppleWebKit/605.1.15 (KHTML, like Gecko) Version/14.1.2 Safari/605.1.15",Con_Nat,congruent,1,A,04-10-22,04-10-22,13:59:47,0,0,0,0,0,795,3.6.1,corn,240,,683,807,1440,24,900,24,0,0,1440,short,MacIntel,CORN,100373,100474,100424
Mozilla,Netscape,"5.0 (Macintosh; Intel Mac OS X 10_15_7) AppleWebKit/605.1.15 (KHTML, like Gecko) Version/14.1.2 Safari/605.1.15",Inc_Nat_Synth,incongruent,1,A,04-10-22,04-10-22,13:59:47,0,0,0,0,0,795,3.6.1,camel,240,,917,807,1440,24,900,24,0,0,1440,short,MacIntel,BENCH,101790,101890,101840
Mozilla,Netscape,"5.0 (Macintosh; Intel Mac OS X 10_15_7) AppleWebKit/605.1.15 (KHTML, like Gecko) Version/14.1.2 Safari/605.1.15",Con_Nat,congruent,1,A,04-10-22,04-10-22,13:59:47,0,0,0,0,0,795,3.6.1,frog,240,,582,807,1440,24,900,24,0,0,1440,short,MacIntel,FROG,103440,103541,103491
Mozilla,Netscape,"5.0 (Macintosh; Intel Mac OS X 10_15_7) AppleWebKit/605.1.15 (KHTML, like Gecko) Version/14.1.2 Safari/605.1.15",Inc_Synth_Nat,incongruent,1,A,04-10-22,04-10-22,13:59:47,0,0,0,0,0,795,3.6.1,spear,240,,871,807,1440,24,900,24,0,0,1440,short,MacIntel,MOTH,104757,104857,104806
Mozilla,Netscape,"5.0 (Macintosh; Intel Mac OS X 10_15_7) AppleWebKit/605.1.15 (KHTML, like Gecko) Version/14.1.2 Safari/605.1.15",Con_Nat,congruent,1,A,04-10-22,04-10-22,13:59:47,0,0,0,0,0,795,3.6.1,daisy,240,,682,807,1440,24,900,24,0,0,1440,short,MacIntel,DAISY,106357,106457,106407
Mozilla,Netscape,"5.0 (Macintosh; Intel Mac OS X 10_15_7) AppleWebKit/605.1.15 (KHTML, like Gecko) Version/14.1.2 Safari/605.1.15",Con_Nat,congruent,1,A,04-10-22,04-10-22,13:59:47,0,0,0,0,0,795,3.6.1,grass,240,,632,807,1440,24,900,24,0,0,1440,short,MacIntel,GRASS,107774,107874,107824
Mozilla,Netscape,"5.0 (Macintosh; Intel Mac OS X 10_15_7) AppleWebKit/605.1.15 (KHTML, like Gecko) Version/14.1.2 Safari/605.1.15",Con_Synth,congruent,1,A,04-10-22,04-10-22,13:59:47,0,0,0,0,0,795,3.6.1,cable,240,,707,807,1440,24,900,24,0,0,1440,short,MacIntel,CABLE,109140,109240,109191
Mozilla,Netscape,"5.0 (Macintosh; Intel Mac OS X 10_15_7) AppleWebKit/605.1.15 (KHTML, like Gecko) Version/14.1.2 Safari/605.1.15",Inc_Nat_Synth,incongruent,1,A,04-10-22,04-10-22,13:59:47,0,0,0,0,0,795,3.6.1,water,240,,659,807,1440,24,900,24,0,0,1440,short,MacIntel,MEDAL,110574,110674,110624
Mozilla,Netscape,"5.0 (Macintosh; Intel Mac OS X 10_15_7) AppleWebKit/605.1.15 (KHTML, like Gecko) Version/14.1.2 Safari/605.1.15",Inc_Nat_Nat,incongruent,0,A,04-10-22,04-10-22,13:59:47,0,0,0,0,0,795,3.6.1,poppy,240,,924,807,1440,24,900,24,0,0,1440,short,MacIntel,DINGO,111957,112057,112007
Mozilla,Netscape,"5.0 (Macintosh; Intel Mac OS X 10_15_7) AppleWebKit/605.1.15 (KHTML, like Gecko) Version/14.1.2 Safari/605.1.15",Con_Synth,congruent,1,A,04-10-22,04-10-22,13:59:47,0,0,0,0,0,795,3.6.1,bike,240,,643,807,1440,24,900,24,0,0,1440,short,MacIntel,BIKE,113606,113691,113641
Mozilla,Netscape,"5.0 (Macintosh; Intel Mac OS X 10_15_7) AppleWebKit/605.1.15 (KHTML, like Gecko) Version/14.1.2 Safari/605.1.15",Con_Nat,congruent,1,A,04-10-22,04-10-22,13:59:47,0,0,0,0,0,795,3.6.1,worm,240,,637,807,1440,24,900,24,0,0,1440,short,MacIntel,WORM,114941,115025,114989
Mozilla,Netscape,"5.0 (Macintosh; Intel Mac OS X 10_15_7) AppleWebKit/605.1.15 (KHTML, like Gecko) Version/14.1.2 Safari/605.1.15",Inc_Nat_Nat,incongruent,1,A,04-10-22,04-10-22,13:59:47,0,0,0,0,0,795,3.6.1,lime,240,,951,807,1440,24,900,24,0,0,1440,short,MacIntel,GULLY,116291,116391,116341
Mozilla,Netscape,"5.0 (Macintosh; Intel Mac OS X 10_15_7) AppleWebKit/605.1.15 (KHTML, like Gecko) Version/14.1.2 Safari/605.1.15",Inc_Synth_Synth,incongruent,0,A,04-10-22,04-10-22,13:59:47,0,0,0,0,0,795,3.6.1,ladle,240,,701,807,1440,24,900,24,0,0,1440,short,MacIntel,CAFÉ,117974,118075,118024
Mozilla,Netscape,"5.0 (Macintosh; Intel Mac OS X 10_15_7) AppleWebKit/605.1.15 (KHTML, like Gecko) Version/14.1.2 Safari/605.1.15",Inc_Synth_Nat,incongruent,1,A,04-10-22,04-10-22,13:59:47,0,0,0,0,0,795,3.6.1,rake,240,,750,807,1440,24,900,24,0,0,1440,short,MacIntel,HUSKY,119408,119508,119458
Mozilla,Netscape,"5.0 (Macintosh; Intel Mac OS X 10_15_7) AppleWebKit/605.1.15 (KHTML, like Gecko) Version/14.1.2 Safari/605.1.15",Con_Nat,congruent,1,A,04-10-22,04-10-22,13:59:47,0,0,0,0,0,795,3.6.1,whale,240,,602,807,1440,24,900,24,0,0,1440,short,MacIntel,WHALE,120892,120991,120941
Mozilla,Netscape,"5.0 (Macintosh; Intel Mac OS X 10_15_7) AppleWebKit/605.1.15 (KHTML, like Gecko) Version/14.1.2 Safari/605.1.15",Inc_Nat_Synth,incongruent,0,A,04-10-22,04-10-22,13:59:47,0,0,0,0,0,795,3.6.1,toad,240,,967,807,1440,24,900,24,0,0,1440,short,MacIntel,GLOVE,122225,122325,122275
Mozilla,Netscape,"5.0 (Macintosh; Intel Mac OS X 10_15_7) AppleWebKit/605.1.15 (KHTML, like Gecko) Version/14.1.2 Safari/605.1.15",Con_Nat,congruent,1,A,04-10-22,04-10-22,13:59:47,0,0,0,0,0,795,3.6.1,cave,240,,833,807,1440,24,900,24,0,0,1440,short,MacIntel,CAVE,123925,124009,123974
Mozilla,Netscape,"5.0 (Macintosh; Intel Mac OS X 10_15_7) AppleWebKit/605.1.15 (KHTML, like Gecko) Version/14.1.2 Safari/605.1.15",Inc_Synth_Nat,incongruent,0,A,04-10-22,04-10-22,13:59:47,0,0,0,0,0,795,3.6.1,ruler,240,,1230,807,1440,24,900,24,0,0,1440,short,MacIntel,PANSY,125475,125575,125525
Mozilla,Netscape,"5.0 (Macintosh; Intel Mac OS X 10_15_7) AppleWebKit/605.1.15 (KHTML, like Gecko) Version/14.1.2 Safari/605.1.15",Con_Nat,congruent,1,A,04-10-22,04-10-22,13:59:47,0,0,0,0,0,795,3.6.1,creek,240,,796,807,1440,24,900,24,0,0,1440,short,MacIntel,CREEK,127425,127525,127474
Mozilla,Netscape,"5.0 (Macintosh; Intel Mac OS X 10_15_7) AppleWebKit/605.1.15 (KHTML, like Gecko) Version/14.1.2 Safari/605.1.15",Inc_Nat_Nat,incongruent,1,A,04-10-22,04-10-22,13:59:47,0,0,0,0,0,795,3.6.1,fern,240,,830,807,1440,24,900,24,0,0,1440,short,MacIntel,PETAL,128942,129042,128992
Mozilla,Netscape,"5.0 (Macintosh; Intel Mac OS X 10_15_7) AppleWebKit/605.1.15 (KHTML, like Gecko) Version/14.1.2 Safari/605.1.15",Nat_Nat_Synth,incongruent,0,A,04-10-22,04-10-22,13:59:47,0,0,0,0,0,795,3.6.1,finch,240,,1226,807,1440,24,900,24,0,0,1440,short,MacIntel,SLOTH,130492,130592,130542
Mozilla,Netscape,"5.0 (Macintosh; Intel Mac OS X 10_15_7) AppleWebKit/605.1.15 (KHTML, like Gecko) Version/14.1.2 Safari/605.1.15",Inc_Nat_Nat,incongruent,0,A,04-10-22,04-10-22,13:59:47,0,0,0,0,0,795,3.6.1,berry,240,,671,807,1440,24,900,24,0,0,1440,short,MacIntel,OTTER,132442,132542,132492
Mozilla,Netscape,"5.0 (Macintosh; Intel Mac OS X 10_15_7) AppleWebKit/605.1.15 (KHTML, like Gecko) Version/14.1.2 Safari/605.1.15",Con_Nat,congruent,1,A,04-10-22,04-10-22,13:59:47,0,0,0,0,0,795,3.6.1,soil,240,,910,807,1440,24,900,24,0,0,1440,short,MacIntel,SOIL,133842,133942,133892
Mozilla,Netscape,"5.0 (Macintosh; Intel Mac OS X 10_15_7) AppleWebKit/605.1.15 (KHTML, like Gecko) Version/14.1.2 Safari/605.1.15",Inc_Synth_Nat,incongruent,1,A,04-10-22,04-10-22,13:59:47,0,0,0,0,0,795,3.6.1,sewer,240,,985,807,1440,24,900,24,0,0,1440,short,MacIntel,CORAL,135476,135576,135525
Mozilla,Netscape,"5.0 (Macintosh; Intel Mac OS X 10_15_7) AppleWebKit/605.1.15 (KHTML, like Gecko) Version/14.1.2 Safari/605.1.15",Con_Synth,congruent,1,A,04-10-22,04-10-22,13:59:47,0,0,0,0,0,795,3.6.1,belt,240,,771,807,1440,24,900,24,0,0,1440,short,MacIntel,BELT,137193,137293,137243
Mozilla,Netscape,"5.0 (Macintosh; Intel Mac OS X 10_15_7) AppleWebKit/605.1.15 (KHTML, like Gecko) Version/14.1.2 Safari/605.1.15",Con_Synth,congruent,1,A,04-10-22,04-10-22,13:59:47,0,0,0,0,0,795,3.6.1,gate,240,,1177,807,1440,24,900,24,0,0,1440,short,MacIntel,GATE,138693,138793,138742
Mozilla,Netscape,"5.0 (Macintosh; Intel Mac OS X 10_15_7) AppleWebKit/605.1.15 (KHTML, like Gecko) Version/14.1.2 Safari/605.1.15",Inc_Nat_Synth,incongruent,1,A,04-10-22,04-10-22,13:59:47,0,0,0,0,0,795,3.6.1,mice,240,,1074,807,1440,24,900,24,0,0,1440,short,MacIntel,TOOLS,140593,140693,140643
Mozilla,Netscape,"5.0 (Macintosh; Intel Mac OS X 10_15_7) AppleWebKit/605.1.15 (KHTML, like Gecko) Version/14.1.2 Safari/605.1.15",Con_Synth,congruent,1,A,04-10-22,04-10-22,13:59:47,0,0,0,0,0,795,3.6.1,sword,240,,947,807,1440,24,900,24,0,0,1440,short,MacIntel,SWORD,142376,142477,142426
Mozilla,Netscape,"5.0 (Macintosh; Intel Mac OS X 10_15_7) AppleWebKit/605.1.15 (KHTML, like Gecko) Version/14.1.2 Safari/605.1.15",Con_Nat,congruent,1,A,04-10-22,04-10-22,13:59:47,0,0,0,0,0,795,3.6.1,deer,240,,651,807,1440,24,900,24,0,0,1440,short,MacIntel,DEER,144042,144127,144077
Mozilla,Netscape,"5.0 (Macintosh; Intel Mac OS X 10_15_7) AppleWebKit/605.1.15 (KHTML, like Gecko) Version/14.1.2 Safari/605.1.15",Inc_Synth_Nat,incongruent,1,A,04-10-22,04-10-22,13:59:47,0,0,0,0,0,795,3.6.1,torch,240,,691,807,1440,24,900,24,0,0,1440,short,MacIntel,CHIMP,145410,145510,145460
Mozilla,Netscape,"5.0 (Macintosh; Intel Mac OS X 10_15_7) AppleWebKit/605.1.15 (KHTML, like Gecko) Version/14.1.2 Safari/605.1.15",Con_Synth,congruent,1,A,04-10-22,04-10-22,13:59:47,0,0,0,0,0,795,3.6.1,paint,240,,725,807,1440,24,900,24,0,0,1440,short,MacIntel,PAINT,146827,146927,146877
Mozilla,Netscape,"5.0 (Macintosh; Intel Mac OS X 10_15_7) AppleWebKit/605.1.15 (KHTML, like Gecko) Version/14.1.2 Safari/605.1.15",Con_Nat,congruent,1,A,04-10-22,04-10-22,13:59:47,0,0,0,0,0,795,3.6.1,reef,240,,851,807,1440,24,900,24,0,0,1440,long,MacIntel,REEF,146827,150711,150660
Mozilla,Netscape,"5.0 (Macintosh; Intel Mac OS X 10_15_7) AppleWebKit/605.1.15 (KHTML, like Gecko) Version/14.1.2 Safari/605.1.15",Inc_Synth_Synth,incongruent,0,A,04-10-22,04-10-22,13:59:47,0,0,0,0,0,795,3.6.1,wire,240,,682,807,1440,24,900,24,0,0,1440,long,MacIntel,CABIN,146827,152327,152277
Mozilla,Netscape,"5.0 (Macintosh; Intel Mac OS X 10_15_7) AppleWebKit/605.1.15 (KHTML, like Gecko) Version/14.1.2 Safari/605.1.15",Con_Synth,congruent,1,A,04-10-22,04-10-22,13:59:47,0,0,0,0,0,795,3.6.1,arrow,240,,1155,807,1440,24,900,24,0,0,1440,long,MacIntel,ARROW,146827,153777,153726
Mozilla,Netscape,"5.0 (Macintosh; Intel Mac OS X 10_15_7) AppleWebKit/605.1.15 (KHTML, like Gecko) Version/14.1.2 Safari/605.1.15",Inc_Synth_Synth,incongruent,0,A,04-10-22,04-10-22,13:59:47,0,0,0,0,0,795,3.6.1,roof,240,,846,807,1440,24,900,24,0,0,1440,long,MacIntel,PIANO,146827,155693,155643
Mozilla,Netscape,"5.0 (Macintosh; Intel Mac OS X 10_15_7) AppleWebKit/605.1.15 (KHTML, like Gecko) Version/14.1.2 Safari/605.1.15",Inc_Nat_Nat,incongruent,0,A,04-10-22,04-10-22,13:59:47,0,0,0,0,0,795,3.6.1,fruit,240,,779,807,1440,24,900,24,0,0,1440,long,MacIntel,BEAR,146827,157277,157227
Mozilla,Netscape,"5.0 (Macintosh; Intel Mac OS X 10_15_7) AppleWebKit/605.1.15 (KHTML, like Gecko) Version/14.1.2 Safari/605.1.15",Inc_Nat_Nat,incongruent,0,A,04-10-22,04-10-22,13:59:47,0,0,0,0,0,795,3.6.1,storm,240,,712,807,1440,24,900,24,0,0,1440,long,MacIntel,LAND,146827,158810,158761
Mozilla,Netscape,"5.0 (Macintosh; Intel Mac OS X 10_15_7) AppleWebKit/605.1.15 (KHTML, like Gecko) Version/14.1.2 Safari/605.1.15",Inc_Synth_Synth,incongruent,0,A,04-10-22,04-10-22,13:59:47,0,0,0,0,0,795,3.6.1,cake,240,,654,807,1440,24,900,24,0,0,1440,long,MacIntel,TRASH,146827,160278,160227
Mozilla,Netscape,"5.0 (Macintosh; Intel Mac OS X 10_15_7) AppleWebKit/605.1.15 (KHTML, like Gecko) Version/14.1.2 Safari/605.1.15",Con_Synth,congruent,1,A,04-10-22,04-10-22,13:59:47,0,0,0,0,0,795,3.6.1,crate,240,,1044,807,1440,24,900,24,0,0,1440,long,MacIntel,CRATE,146827,161694,161644
Mozilla,Netscape,"5.0 (Macintosh; Intel Mac OS X 10_15_7) AppleWebKit/605.1.15 (KHTML, like Gecko) Version/14.1.2 Safari/605.1.15",Con_Synth,congruent,1,A,04-10-22,04-10-22,13:59:47,0,0,0,0,0,795,3.6.1,broom,240,,815,807,1440,24,900,24,0,0,1440,long,MacIntel,BROOM,146827,163494,163444
Mozilla,Netscape,"5.0 (Macintosh; Intel Mac OS X 10_15_7) AppleWebKit/605.1.15 (KHTML, like Gecko) Version/14.1.2 Safari/605.1.15",Con_Synth,congruent,1,A,04-10-22,04-10-22,13:59:47,0,0,0,0,0,795,3.6.1,flask,240,,772,807,1440,24,900,24,0,0,1440,long,MacIntel,FLASK,146827,165078,165027
Mozilla,Netscape,"5.0 (Macintosh; Intel Mac OS X 10_15_7) AppleWebKit/605.1.15 (KHTML, like Gecko) Version/14.1.2 Safari/605.1.15",Con_Synth,congruent,1,A,04-10-22,04-10-22,13:59:47,0,0,0,0,0,795,3.6.1,ferry,240,,738,807,1440,24,900,24,0,0,1440,long,MacIntel,FERRY,146827,166611,166561
Mozilla,Netscape,"5.0 (Macintosh; Intel Mac OS X 10_15_7) AppleWebKit/605.1.15 (KHTML, like Gecko) Version/14.1.2 Safari/605.1.15",Con_Nat,congruent,0,A,04-10-22,04-10-22,13:59:47,0,0,0,0,0,795,3.6.1,stone,240,,608,807,1440,24,900,24,0,0,1440,long,MacIntel,STONE,146827,168111,168061
Mozilla,Netscape,"5.0 (Macintosh; Intel Mac OS X 10_15_7) AppleWebKit/605.1.15 (KHTML, like Gecko) Version/14.1.2 Safari/605.1.15",Con_Synth,congruent,1,A,04-10-22,04-10-22,13:59:47,0,0,0,0,0,795,3.6.1,linen,240,,710,807,1440,24,900,24,0,0,1440,long,MacIntel,LINEN,146827,169462,169411
Mozilla,Netscape,"5.0 (Macintosh; Intel Mac OS X 10_15_7) AppleWebKit/605.1.15 (KHTML, like Gecko) Version/14.1.2 Safari/605.1.15",Inc_Nat_Synth,incongruent,1,A,04-10-22,04-10-22,13:59:47,0,0,0,0,0,795,3.6.1,cloud,240,,984,807,1440,24,900,24,0,0,1440,long,MacIntel,MOTEL,146827,170912,170861
Mozilla,Netscape,"5.0 (Macintosh; Intel Mac OS X 10_15_7) AppleWebKit/605.1.15 (KHTML, like Gecko) Version/14.1.2 Safari/605.1.15",Con_Synth,congruent,1,A,04-10-22,04-10-22,13:59:47,0,0,0,0,0,795,3.6.1,flute,240,,720,807,1440,24,900,24,0,0,1440,long,MacIntel,FLUTE,146827,172645,172595
Mozilla,Netscape,"5.0 (Macintosh; Intel Mac OS X 10_15_7) AppleWebKit/605.1.15 (KHTML, like Gecko) Version/14.1.2 Safari/605.1.15",Con_Synth,congruent,1,A,04-10-22,04-10-22,13:59:47,0,0,0,0,0,795,3.6.1,jeans,240,,616,807,1440,24,900,24,0,0,1440,long,MacIntel,JEANS,146827,174129,174078
Mozilla,Netscape,"5.0 (Macintosh; Intel Mac OS X 10_15_7) AppleWebKit/605.1.15 (KHTML, like Gecko) Version/14.1.2 Safari/605.1.15",Inc_Nat_Synth,incongruent,1,A,04-10-22,04-10-22,13:59:47,0,0,0,0,0,795,3.6.1,olive,240,,643,807,1440,24,900,24,0,0,1440,long,MacIntel,MOTOR,146827,175511,175462
Mozilla,Netscape,"5.0 (Macintosh; Intel Mac OS X 10_15_7) AppleWebKit/605.1.15 (KHTML, like Gecko) Version/14.1.2 Safari/605.1.15",Inc_Nat_Synth,incongruent,1,A,04-10-22,04-10-22,13:59:47,0,0,0,0,0,795,3.6.1,flood,240,,678,807,1440,24,900,24,0,0,1440,long,MacIntel,SKIRT,146827,176912,176862
Mozilla,Netscape,"5.0 (Macintosh; Intel Mac OS X 10_15_7) AppleWebKit/605.1.15 (KHTML, like Gecko) Version/14.1.2 Safari/605.1.15",Inc_Nat_Nat,incongruent,0,A,04-10-22,04-10-22,13:59:47,0,0,0,0,0,795,3.6.1,ocean,240,,768,807,1440,24,900,24,0,0,1440,long,MacIntel,TREE,146827,178329,178279
Mozilla,Netscape,"5.0 (Macintosh; Intel Mac OS X 10_15_7) AppleWebKit/605.1.15 (KHTML, like Gecko) Version/14.1.2 Safari/605.1.15",Inc_Nat_Nat,incongruent,0,A,04-10-22,04-10-22,13:59:47,0,0,0,0,0,795,3.6.1,shark,240,,711,807,1440,24,900,24,0,0,1440,long,MacIntel,HILL,146827,179861,179812
Mozilla,Netscape,"5.0 (Macintosh; Intel Mac OS X 10_15_7) AppleWebKit/605.1.15 (KHTML, like Gecko) Version/14.1.2 Safari/605.1.15",Con_Synth,congruent,1,A,04-10-22,04-10-22,13:59:47,0,0,0,0,0,795,3.6.1,canoe,240,,835,807,1440,24,900,24,0,0,1440,long,MacIntel,CANOE,146827,181296,181246
Mozilla,Netscape,"5.0 (Macintosh; Intel Mac OS X 10_15_7) AppleWebKit/605.1.15 (KHTML, like Gecko) Version/14.1.2 Safari/605.1.15",Con_Nat,congruent,1,A,04-10-22,04-10-22,13:59:47,0,0,0,0,0,795,3.6.1,earth,240,,774,807,1440,24,900,24,0,0,1440,long,MacIntel,EARTH,146827,182895,182846
Mozilla,Netscape,"5.0 (Macintosh; Intel Mac OS X 10_15_7) AppleWebKit/605.1.15 (KHTML, like Gecko) Version/14.1.2 Safari/605.1.15",Inc_Nat_Nat,incongruent,0,A,04-10-22,04-10-22,13:59:47,0,0,0,0,0,795,3.6.1,shell,240,,699,807,1440,24,900,24,0,0,1440,long,MacIntel,DIRT,146827,184429,184378
Mozilla,Netscape,"5.0 (Macintosh; Intel Mac OS X 10_15_7) AppleWebKit/605.1.15 (KHTML, like Gecko) Version/14.1.2 Safari/605.1.15",Inc_Synth_Nat,incongruent,1,A,04-10-22,04-10-22,13:59:47,0,0,0,0,0,795,3.6.1,bowl,240,,640,807,1440,24,900,24,0,0,1440,long,MacIntel,WOLF,146827,185896,185846
Mozilla,Netscape,"5.0 (Macintosh; Intel Mac OS X 10_15_7) AppleWebKit/605.1.15 (KHTML, like Gecko) Version/14.1.2 Safari/605.1.15",Con_Synth,congruent,1,A,04-10-22,04-10-22,13:59:47,0,0,0,0,0,795,3.6.1,tongs,240,,829,807,1440,24,900,24,0,0,1440,long,MacIntel,TONGS,146827,187295,187246
Mozilla,Netscape,"5.0 (Macintosh; Intel Mac OS X 10_15_7) AppleWebKit/605.1.15 (KHTML, like Gecko) Version/14.1.2 Safari/605.1.15",Inc_Synth_Nat,incongruent,1,A,04-10-22,04-10-22,13:59:47,0,0,0,0,0,795,3.6.1,soap,240,,712,807,1440,24,900,24,0,0,1440,long,MacIntel,PONY,146827,188862,188813
Mozilla,Netscape,"5.0 (Macintosh; Intel Mac OS X 10_15_7) AppleWebKit/605.1.15 (KHTML, like Gecko) Version/14.1.2 Safari/605.1.15",Con_Nat,congruent,1,A,04-10-22,04-10-22,13:59:47,0,0,0,0,0,795,3.6.1,hare,240,,603,807,1440,24,900,24,0,0,1440,long,MacIntel,HARE,146827,190330,190279
Mozilla,Netscape,"5.0 (Macintosh; Intel Mac OS X 10_15_7) AppleWebKit/605.1.15 (KHTML, like Gecko) Version/14.1.2 Safari/605.1.15",Con_Nat,congruent,1,A,04-10-22,04-10-22,13:59:47,0,0,0,0,0,795,3.6.1,boar,240,,664,807,1440,24,900,24,0,0,1440,long,MacIntel,BOAR,146827,191695,191646
Mozilla,Netscape,"5.0 (Macintosh; Intel Mac OS X 10_15_7) AppleWebKit/605.1.15 (KHTML, like Gecko) Version/14.1.2 Safari/605.1.15",Inc_Nat_Nat,incongruent,0,A,04-10-22,04-10-22,13:59:47,0,0,0,0,0,795,3.6.1,lemon,240,,631,807,1440,24,900,24,0,0,1440,long,MacIntel,DUCK,146827,193096,193046
Mozilla,Netscape,"5.0 (Macintosh; Intel Mac OS X 10_15_7) AppleWebKit/605.1.15 (KHTML, like Gecko) Version/14.1.2 Safari/605.1.15",Con_Nat,congruent,1,A,04-10-22,04-10-22,13:59:47,0,0,0,0,0,795,3.6.1,wasp,240,,764,807,1440,24,900,24,0,0,1440,long,MacIntel,WASP,146827,194463,194413
