browser_codename,browser_name,browser_version,condition,congruence,correct,counterbalance,date_startdate,date_startdateUTC,date_starttime,experiment_debug,experiment_parameters,experiment_pilot,experiment_taskname,experiment_taskversion,jatosStudyResultId,jatosVersion,prime,queryParams_batchId,queryParams_generalMultiple,response_time,screen_availableHeight,screen_availableWidth,screen_colorDepth,screen_height,screen_pixelDepth,screen_screenX,screen_screenY,screen_width,soa_condition,system_os,target,time_mask1,time_mask2,time_prime
Mozilla,Netscape,"5.0 (Windows NT 10.0; Win64; x64) AppleWebKit/537.36 (KHTML, like Gecko) Chrome/107.0.0.0 Safari/537.36 Edg/107.0.1418.35",practice,practice,1,None,08-10-22,08-10-22,09:24:42,0,0,0,0,0,802,3.6.1,nvoiuh,241,,1125,834,1536,24,864,24,0,0,1536,practice,Win32,HOUSE,29231,29297,29264
Mozilla,Netscape,"5.0 (Windows NT 10.0; Win64; x64) AppleWebKit/537.36 (KHTML, like Gecko) Chrome/107.0.0.0 Safari/537.36 Edg/107.0.1418.35",practice,practice,1,None,08-10-22,08-10-22,09:24:42,0,0,0,0,0,802,3.6.1,snjghf,241,,755,834,1536,24,864,24,0,0,1536,practice,Win32,SHEEP,31014,31080,31047
Mozilla,Netscape,"5.0 (Windows NT 10.0; Win64; x64) AppleWebKit/537.36 (KHTML, like Gecko) Chrome/107.0.0.0 Safari/537.36 Edg/107.0.1418.35",practice,practice,1,None,08-10-22,08-10-22,09:24:42,0,0,0,0,0,802,3.6.1,abjdhjs,241,,855,834,1536,24,864,24,0,0,1536,practice,Win32,HORSE,32430,32497,32464
Mozilla,Netscape,"5.0 (Windows NT 10.0; Win64; x64) AppleWebKit/537.36 (KHTML, like Gecko) Chrome/107.0.0.0 Safari/537.36 Edg/107.0.1418.35",practice,practice,1,None,08-10-22,08-10-22,09:24:42,0,0,0,0,0,802,3.6.1,iweonf,241,,784,834,1536,24,864,24,0,0,1536,practice,Win32,BOAT,33947,34013,33980
Mozilla,Netscape,"5.0 (Windows NT 10.0; Win64; x64) AppleWebKit/537.36 (KHTML, like Gecko) Chrome/107.0.0.0 Safari/537.36 Edg/107.0.1418.35",Inc_Nat_Synth,incongruent,1,B,08-10-22,08-10-22,09:24:42,0,0,0,0,0,802,3.6.1,swamp,241,,1020,834,1536,24,864,24,0,0,1536,long,Win32,DRILL,33947,38480,38446
Mozilla,Netscape,"5.0 (Windows NT 10.0; Win64; x64) AppleWebKit/537.36 (KHTML, like Gecko) Chrome/107.0.0.0 Safari/537.36 Edg/107.0.1418.35",Inc_Synth_Synth,incongruent,0,B,08-10-22,08-10-22,09:24:42,0,0,0,0,0,802,3.6.1,roof,241,,739,834,1536,24,864,24,0,0,1536,long,Win32,PIANO,33947,40212,40179
Mozilla,Netscape,"5.0 (Windows NT 10.0; Win64; x64) AppleWebKit/537.36 (KHTML, like Gecko) Chrome/107.0.0.0 Safari/537.36 Edg/107.0.1418.35",Inc_Nat_Nat,incongruent,0,B,08-10-22,08-10-22,09:24:42,0,0,0,0,0,802,3.6.1,lemon,241,,632,834,1536,24,864,24,0,0,1536,long,Win32,DUCK,33947,41662,41629
Mozilla,Netscape,"5.0 (Windows NT 10.0; Win64; x64) AppleWebKit/537.36 (KHTML, like Gecko) Chrome/107.0.0.0 Safari/537.36 Edg/107.0.1418.35",Inc_Synth_Synth,incongruent,0,B,08-10-22,08-10-22,09:24:42,0,0,0,0,0,802,3.6.1,cake,241,,601,834,1536,24,864,24,0,0,1536,long,Win32,TRASH,33947,42995,42962
Mozilla,Netscape,"5.0 (Windows NT 10.0; Win64; x64) AppleWebKit/537.36 (KHTML, like Gecko) Chrome/107.0.0.0 Safari/537.36 Edg/107.0.1418.35",Con_Synth,congruent,1,B,08-10-22,08-10-22,09:24:42,0,0,0,0,0,802,3.6.1,canon,241,,909,834,1536,24,864,24,0,0,1536,long,Win32,CANON,33947,44312,44279
Mozilla,Netscape,"5.0 (Windows NT 10.0; Win64; x64) AppleWebKit/537.36 (KHTML, like Gecko) Chrome/107.0.0.0 Safari/537.36 Edg/107.0.1418.35",Con_Synth,congruent,1,B,08-10-22,08-10-22,09:24:42,0,0,0,0,0,802,3.6.1,canoe,241,,768,834,1536,24,864,24,0,0,1536,long,Win32,CANOE,33947,45929,45895
Mozilla,Netscape,"5.0 (Windows NT 10.0; Win64; x64) AppleWebKit/537.36 (KHTML, like Gecko) Chrome/107.0.0.0 Safari/537.36 Edg/107.0.1418.35",Inc_Nat_Synth,incongruent,1,B,08-10-22,08-10-22,09:24:42,0,0,0,0,0,802,3.6.1,eagle,241,,705,834,1536,24,864,24,0,0,1536,long,Win32,WAGON,33947,47411,47378
Mozilla,Netscape,"5.0 (Windows NT 10.0; Win64; x64) AppleWebKit/537.36 (KHTML, like Gecko) Chrome/107.0.0.0 Safari/537.36 Edg/107.0.1418.35",Con_Nat,congruent,1,B,08-10-22,08-10-22,09:24:42,0,0,0,0,0,802,3.6.1,earth,241,,675,834,1536,24,864,24,0,0,1536,long,Win32,EARTH,33947,48828,48795
Mozilla,Netscape,"5.0 (Windows NT 10.0; Win64; x64) AppleWebKit/537.36 (KHTML, like Gecko) Chrome/107.0.0.0 Safari/537.36 Edg/107.0.1418.35",Con_Nat,congruent,1,B,08-10-22,08-10-22,09:24:42,0,0,0,0,0,802,3.6.1,pear,241,,699,834,1536,24,864,24,0,0,1536,long,Win32,PEAR,33947,50211,50178
Mozilla,Netscape,"5.0 (Windows NT 10.0; Win64; x64) AppleWebKit/537.36 (KHTML, like Gecko) Chrome/107.0.0.0 Safari/537.36 Edg/107.0.1418.35",Inc_Synth_Synth,incongruent,0,B,08-10-22,08-10-22,09:24:42,0,0,0,0,0,802,3.6.1,shoe,241,,1209,834,1536,24,864,24,0,0,1536,long,Win32,COUCH,33947,51611,51578
Mozilla,Netscape,"5.0 (Windows NT 10.0; Win64; x64) AppleWebKit/537.36 (KHTML, like Gecko) Chrome/107.0.0.0 Safari/537.36 Edg/107.0.1418.35",Inc_Synth_Synth,incongruent,0,B,08-10-22,08-10-22,09:24:42,0,0,0,0,0,802,3.6.1,desk,241,,1361,834,1536,24,864,24,0,0,1536,long,Win32,CANDY,33947,53527,53494
Mozilla,Netscape,"5.0 (Windows NT 10.0; Win64; x64) AppleWebKit/537.36 (KHTML, like Gecko) Chrome/107.0.0.0 Safari/537.36 Edg/107.0.1418.35",Inc_Synth_Nat,incongruent,1,B,08-10-22,08-10-22,09:24:42,0,0,0,0,0,802,3.6.1,fort,241,,731,834,1536,24,864,24,0,0,1536,long,Win32,GOAT,33947,55594,55561
Mozilla,Netscape,"5.0 (Windows NT 10.0; Win64; x64) AppleWebKit/537.36 (KHTML, like Gecko) Chrome/107.0.0.0 Safari/537.36 Edg/107.0.1418.35",Con_Nat,congruent,1,B,08-10-22,08-10-22,09:24:42,0,0,0,0,0,802,3.6.1,slug,241,,799,834,1536,24,864,24,0,0,1536,long,Win32,SLUG,33947,57027,56994
Mozilla,Netscape,"5.0 (Windows NT 10.0; Win64; x64) AppleWebKit/537.36 (KHTML, like Gecko) Chrome/107.0.0.0 Safari/537.36 Edg/107.0.1418.35",Con_Synth,congruent,1,B,08-10-22,08-10-22,09:24:42,0,0,0,0,0,802,3.6.1,arrow,241,,821,834,1536,24,864,24,0,0,1536,long,Win32,ARROW,33947,58527,58493
Mozilla,Netscape,"5.0 (Windows NT 10.0; Win64; x64) AppleWebKit/537.36 (KHTML, like Gecko) Chrome/107.0.0.0 Safari/537.36 Edg/107.0.1418.35",Inc_Synth_Nat,incongruent,1,B,08-10-22,08-10-22,09:24:42,0,0,0,0,0,802,3.6.1,bowl,241,,819,834,1536,24,864,24,0,0,1536,long,Win32,WOLF,33947,60060,60027
Mozilla,Netscape,"5.0 (Windows NT 10.0; Win64; x64) AppleWebKit/537.36 (KHTML, like Gecko) Chrome/107.0.0.0 Safari/537.36 Edg/107.0.1418.35",Con_Synth,congruent,1,B,08-10-22,08-10-22,09:24:42,0,0,0,0,0,802,3.6.1,broom,241,,1168,834,1536,24,864,24,0,0,1536,long,Win32,BROOM,33947,61593,61560
Mozilla,Netscape,"5.0 (Windows NT 10.0; Win64; x64) AppleWebKit/537.36 (KHTML, like Gecko) Chrome/107.0.0.0 Safari/537.36 Edg/107.0.1418.35",Inc_Nat_Nat,incongruent,0,B,08-10-22,08-10-22,09:24:42,0,0,0,0,0,802,3.6.1,sheep,241,,687,834,1536,24,864,24,0,0,1536,long,Win32,BULL,33947,63476,63443
Mozilla,Netscape,"5.0 (Windows NT 10.0; Win64; x64) AppleWebKit/537.36 (KHTML, like Gecko) Chrome/107.0.0.0 Safari/537.36 Edg/107.0.1418.35",Con_Synth,congruent,1,B,08-10-22,08-10-22,09:24:42,0,0,0,0,0,802,3.6.1,crate,241,,842,834,1536,24,864,24,0,0,1536,long,Win32,CRATE,33947,64876,64843
Mozilla,Netscape,"5.0 (Windows NT 10.0; Win64; x64) AppleWebKit/537.36 (KHTML, like Gecko) Chrome/107.0.0.0 Safari/537.36 Edg/107.0.1418.35",Inc_Synth_Nat,incongruent,1,B,08-10-22,08-10-22,09:24:42,0,0,0,0,0,802,3.6.1,mall,241,,661,834,1536,24,864,24,0,0,1536,long,Win32,BUSH,33947,66426,66392
Mozilla,Netscape,"5.0 (Windows NT 10.0; Win64; x64) AppleWebKit/537.36 (KHTML, like Gecko) Chrome/107.0.0.0 Safari/537.36 Edg/107.0.1418.35",Con_Nat,congruent,1,B,08-10-22,08-10-22,09:24:42,0,0,0,0,0,802,3.6.1,moss,241,,688,834,1536,24,864,24,0,0,1536,long,Win32,MOSS,33947,67792,67759
Mozilla,Netscape,"5.0 (Windows NT 10.0; Win64; x64) AppleWebKit/537.36 (KHTML, like Gecko) Chrome/107.0.0.0 Safari/537.36 Edg/107.0.1418.35",Con_Synth,congruent,1,B,08-10-22,08-10-22,09:24:42,0,0,0,0,0,802,3.6.1,stove,241,,726,834,1536,24,864,24,0,0,1536,long,Win32,STOVE,33947,69192,69159
Mozilla,Netscape,"5.0 (Windows NT 10.0; Win64; x64) AppleWebKit/537.36 (KHTML, like Gecko) Chrome/107.0.0.0 Safari/537.36 Edg/107.0.1418.35",Con_Nat,congruent,1,B,08-10-22,08-10-22,09:24:42,0,0,0,0,0,802,3.6.1,plum,241,,594,834,1536,24,864,24,0,0,1536,long,Win32,PLUM,33947,70643,70593
Mozilla,Netscape,"5.0 (Windows NT 10.0; Win64; x64) AppleWebKit/537.36 (KHTML, like Gecko) Chrome/107.0.0.0 Safari/537.36 Edg/107.0.1418.35",Inc_Nat_Synth,incongruent,1,B,08-10-22,08-10-22,09:24:42,0,0,0,0,0,802,3.6.1,flood,241,,775,834,1536,24,864,24,0,0,1536,long,Win32,SKIRT,33947,71959,71925
Mozilla,Netscape,"5.0 (Windows NT 10.0; Win64; x64) AppleWebKit/537.36 (KHTML, like Gecko) Chrome/107.0.0.0 Safari/537.36 Edg/107.0.1418.35",Con_Synth,congruent,1,B,08-10-22,08-10-22,09:24:42,0,0,0,0,0,802,3.6.1,flute,241,,827,834,1536,24,864,24,0,0,1536,long,Win32,FLUTE,33947,73458,73425
Mozilla,Netscape,"5.0 (Windows NT 10.0; Win64; x64) AppleWebKit/537.36 (KHTML, like Gecko) Chrome/107.0.0.0 Safari/537.36 Edg/107.0.1418.35",Con_Synth,congruent,1,B,08-10-22,08-10-22,09:24:42,0,0,0,0,0,802,3.6.1,apron,241,,989,834,1536,24,864,24,0,0,1536,long,Win32,APRON,33947,74991,74958
Mozilla,Netscape,"5.0 (Windows NT 10.0; Win64; x64) AppleWebKit/537.36 (KHTML, like Gecko) Chrome/107.0.0.0 Safari/537.36 Edg/107.0.1418.35",Con_Nat,congruent,1,B,08-10-22,08-10-22,09:24:42,0,0,0,0,0,802,3.6.1,swan,241,,823,834,1536,24,864,24,0,0,1536,long,Win32,SWAN,33947,76692,76658
Mozilla,Netscape,"5.0 (Windows NT 10.0; Win64; x64) AppleWebKit/537.36 (KHTML, like Gecko) Chrome/107.0.0.0 Safari/537.36 Edg/107.0.1418.35",Inc_Synth_Nat,incongruent,1,B,08-10-22,08-10-22,09:24:42,0,0,0,0,0,802,3.6.1,barn,241,,892,834,1536,24,864,24,0,0,1536,long,Win32,TUNA,33947,78241,78207
Mozilla,Netscape,"5.0 (Windows NT 10.0; Win64; x64) AppleWebKit/537.36 (KHTML, like Gecko) Chrome/107.0.0.0 Safari/537.36 Edg/107.0.1418.35",Con_Nat,congruent,0,B,08-10-22,08-10-22,09:24:42,0,0,0,0,0,802,3.6.1,stone,241,,887,834,1536,24,864,24,0,0,1536,long,Win32,STONE,33947,79840,79807
Mozilla,Netscape,"5.0 (Windows NT 10.0; Win64; x64) AppleWebKit/537.36 (KHTML, like Gecko) Chrome/107.0.0.0 Safari/537.36 Edg/107.0.1418.35",Con_Nat,congruent,1,B,08-10-22,08-10-22,09:24:42,0,0,0,0,0,802,3.6.1,stick,241,,802,834,1536,24,864,24,0,0,1536,long,Win32,STICK,33947,81441,81407
Mozilla,Netscape,"5.0 (Windows NT 10.0; Win64; x64) AppleWebKit/537.36 (KHTML, like Gecko) Chrome/107.0.0.0 Safari/537.36 Edg/107.0.1418.35",Inc_Nat_Synth,incongruent,1,B,08-10-22,08-10-22,09:24:42,0,0,0,0,0,802,3.6.1,moose,241,,1642,834,1536,24,864,24,0,0,1536,long,Win32,PORCH,33947,82957,82924
Mozilla,Netscape,"5.0 (Windows NT 10.0; Win64; x64) AppleWebKit/537.36 (KHTML, like Gecko) Chrome/107.0.0.0 Safari/537.36 Edg/107.0.1418.35",Con_Nat,congruent,1,B,08-10-22,08-10-22,09:24:42,0,0,0,0,0,802,3.6.1,wasp,241,,794,834,1536,24,864,24,0,0,1536,long,Win32,WASP,33947,85307,85273
Mozilla,Netscape,"5.0 (Windows NT 10.0; Win64; x64) AppleWebKit/537.36 (KHTML, like Gecko) Chrome/107.0.0.0 Safari/537.36 Edg/107.0.1418.35",Con_Nat,congruent,0,B,08-10-22,08-10-22,09:24:42,0,0,0,0,0,802,3.6.1,boar,241,,1541,834,1536,24,864,24,0,0,1536,long,Win32,BOAR,33947,86807,86773
Mozilla,Netscape,"5.0 (Windows NT 10.0; Win64; x64) AppleWebKit/537.36 (KHTML, like Gecko) Chrome/107.0.0.0 Safari/537.36 Edg/107.0.1418.35",Inc_Synth_Synth,incongruent,0,B,08-10-22,08-10-22,09:24:42,0,0,0,0,0,802,3.6.1,taxi,241,,718,834,1536,24,864,24,0,0,1536,long,Win32,CHAIN,33947,89072,89039
Mozilla,Netscape,"5.0 (Windows NT 10.0; Win64; x64) AppleWebKit/537.36 (KHTML, like Gecko) Chrome/107.0.0.0 Safari/537.36 Edg/107.0.1418.35",Inc_Nat_Nat,incongruent,0,B,08-10-22,08-10-22,09:24:42,0,0,0,0,0,802,3.6.1,bunny,241,,772,834,1536,24,864,24,0,0,1536,long,Win32,ROSE,33947,90506,90473
Mozilla,Netscape,"5.0 (Windows NT 10.0; Win64; x64) AppleWebKit/537.36 (KHTML, like Gecko) Chrome/107.0.0.0 Safari/537.36 Edg/107.0.1418.35",Con_Synth,congruent,1,B,08-10-22,08-10-22,09:24:42,0,0,0,0,0,802,3.6.1,tongs,241,,781,834,1536,24,864,24,0,0,1536,long,Win32,TONGS,33947,91989,91956
Mozilla,Netscape,"5.0 (Windows NT 10.0; Win64; x64) AppleWebKit/537.36 (KHTML, like Gecko) Chrome/107.0.0.0 Safari/537.36 Edg/107.0.1418.35",Inc_Nat_Synth,incongruent,1,B,08-10-22,08-10-22,09:24:42,0,0,0,0,0,802,3.6.1,cloud,241,,989,834,1536,24,864,24,0,0,1536,long,Win32,MOTEL,33947,93472,93439
Mozilla,Netscape,"5.0 (Windows NT 10.0; Win64; x64) AppleWebKit/537.36 (KHTML, like Gecko) Chrome/107.0.0.0 Safari/537.36 Edg/107.0.1418.35",Inc_Nat_Nat,incongruent,0,B,08-10-22,08-10-22,09:24:42,0,0,0,0,0,802,3.6.1,ocean,241,,906,834,1536,24,864,24,0,0,1536,long,Win32,TREE,33947,95172,95139
Mozilla,Netscape,"5.0 (Windows NT 10.0; Win64; x64) AppleWebKit/537.36 (KHTML, like Gecko) Chrome/107.0.0.0 Safari/537.36 Edg/107.0.1418.35",Inc_Synth_Synth,incongruent,0,B,08-10-22,08-10-22,09:24:42,0,0,0,0,0,802,3.6.1,wire,241,,1625,834,1536,24,864,24,0,0,1536,long,Win32,CABIN,33947,96789,96755
Mozilla,Netscape,"5.0 (Windows NT 10.0; Win64; x64) AppleWebKit/537.36 (KHTML, like Gecko) Chrome/107.0.0.0 Safari/537.36 Edg/107.0.1418.35",Inc_Nat_Synth,incongruent,1,B,08-10-22,08-10-22,09:24:42,0,0,0,0,0,802,3.6.1,olive,241,,861,834,1536,24,864,24,0,0,1536,long,Win32,MOTOR,33947,99138,99105
Mozilla,Netscape,"5.0 (Windows NT 10.0; Win64; x64) AppleWebKit/537.36 (KHTML, like Gecko) Chrome/107.0.0.0 Safari/537.36 Edg/107.0.1418.35",Inc_Nat_Nat,incongruent,0,B,08-10-22,08-10-22,09:24:42,0,0,0,0,0,802,3.6.1,storm,241,,1958,834,1536,24,864,24,0,0,1536,long,Win32,LAND,33947,100705,100671
Mozilla,Netscape,"5.0 (Windows NT 10.0; Win64; x64) AppleWebKit/537.36 (KHTML, like Gecko) Chrome/107.0.0.0 Safari/537.36 Edg/107.0.1418.35",Con_Nat,congruent,1,B,08-10-22,08-10-22,09:24:42,0,0,0,0,0,802,3.6.1,hare,241,,1051,834,1536,24,864,24,0,0,1536,long,Win32,HARE,33947,103371,103338
Mozilla,Netscape,"5.0 (Windows NT 10.0; Win64; x64) AppleWebKit/537.36 (KHTML, like Gecko) Chrome/107.0.0.0 Safari/537.36 Edg/107.0.1418.35",Inc_Synth_Nat,incongruent,1,B,08-10-22,08-10-22,09:24:42,0,0,0,0,0,802,3.6.1,pipe,241,,685,834,1536,24,864,24,0,0,1536,long,Win32,LION,33947,105137,105104
Mozilla,Netscape,"5.0 (Windows NT 10.0; Win64; x64) AppleWebKit/537.36 (KHTML, like Gecko) Chrome/107.0.0.0 Safari/537.36 Edg/107.0.1418.35",Con_Nat,congruent,1,B,08-10-22,08-10-22,09:24:42,0,0,0,0,0,802,3.6.1,crab,241,,788,834,1536,24,864,24,0,0,1536,long,Win32,CRAB,33947,106537,106504
Mozilla,Netscape,"5.0 (Windows NT 10.0; Win64; x64) AppleWebKit/537.36 (KHTML, like Gecko) Chrome/107.0.0.0 Safari/537.36 Edg/107.0.1418.35",Inc_Nat_Nat,incongruent,0,B,08-10-22,08-10-22,09:24:42,0,0,0,0,0,802,3.6.1,shell,241,,1714,834,1536,24,864,24,0,0,1536,long,Win32,DIRT,33947,108037,108004
Mozilla,Netscape,"5.0 (Windows NT 10.0; Win64; x64) AppleWebKit/537.36 (KHTML, like Gecko) Chrome/107.0.0.0 Safari/537.36 Edg/107.0.1418.35",Con_Synth,congruent,0,B,08-10-22,08-10-22,09:24:42,0,0,0,0,0,802,3.6.1,stair,241,,1121,834,1536,24,864,24,0,0,1536,long,Win32,STAIR,33947,110453,110420
Mozilla,Netscape,"5.0 (Windows NT 10.0; Win64; x64) AppleWebKit/537.36 (KHTML, like Gecko) Chrome/107.0.0.0 Safari/537.36 Edg/107.0.1418.35",Inc_Nat_Nat,incongruent,0,B,08-10-22,08-10-22,09:24:42,0,0,0,0,0,802,3.6.1,fruit,241,,631,834,1536,24,864,24,0,0,1536,long,Win32,BEAR,33947,112286,112253
Mozilla,Netscape,"5.0 (Windows NT 10.0; Win64; x64) AppleWebKit/537.36 (KHTML, like Gecko) Chrome/107.0.0.0 Safari/537.36 Edg/107.0.1418.35",Inc_Synth_Nat,incongruent,1,B,08-10-22,08-10-22,09:24:42,0,0,0,0,0,802,3.6.1,soap,241,,795,834,1536,24,864,24,0,0,1536,long,Win32,PONY,33947,113619,113586
Mozilla,Netscape,"5.0 (Windows NT 10.0; Win64; x64) AppleWebKit/537.36 (KHTML, like Gecko) Chrome/107.0.0.0 Safari/537.36 Edg/107.0.1418.35",Con_Synth,congruent,1,B,08-10-22,08-10-22,09:24:42,0,0,0,0,0,802,3.6.1,ferry,241,,851,834,1536,24,864,24,0,0,1536,long,Win32,FERRY,33947,115120,115086
Mozilla,Netscape,"5.0 (Windows NT 10.0; Win64; x64) AppleWebKit/537.36 (KHTML, like Gecko) Chrome/107.0.0.0 Safari/537.36 Edg/107.0.1418.35",Inc_Synth_Synth,incongruent,0,B,08-10-22,08-10-22,09:24:42,0,0,0,0,0,802,3.6.1,deck,241,,781,834,1536,24,864,24,0,0,1536,long,Win32,PLATE,33947,116686,116652
Mozilla,Netscape,"5.0 (Windows NT 10.0; Win64; x64) AppleWebKit/537.36 (KHTML, like Gecko) Chrome/107.0.0.0 Safari/537.36 Edg/107.0.1418.35",Con_Nat,congruent,1,B,08-10-22,08-10-22,09:24:42,0,0,0,0,0,802,3.6.1,reef,241,,831,834,1536,24,864,24,0,0,1536,long,Win32,REEF,33947,118169,118136
Mozilla,Netscape,"5.0 (Windows NT 10.0; Win64; x64) AppleWebKit/537.36 (KHTML, like Gecko) Chrome/107.0.0.0 Safari/537.36 Edg/107.0.1418.35",Inc_Nat_Synth,incongruent,1,B,08-10-22,08-10-22,09:24:42,0,0,0,0,0,802,3.6.1,wheat,241,,854,834,1536,24,864,24,0,0,1536,long,Win32,BRICK,33947,119702,119669
Mozilla,Netscape,"5.0 (Windows NT 10.0; Win64; x64) AppleWebKit/537.36 (KHTML, like Gecko) Chrome/107.0.0.0 Safari/537.36 Edg/107.0.1418.35",Inc_Synth_Synth,incongruent,0,B,08-10-22,08-10-22,09:24:42,0,0,0,0,0,802,3.6.1,bell,241,,784,834,1536,24,864,24,0,0,1536,long,Win32,WHEEL,33947,121268,121235
Mozilla,Netscape,"5.0 (Windows NT 10.0; Win64; x64) AppleWebKit/537.36 (KHTML, like Gecko) Chrome/107.0.0.0 Safari/537.36 Edg/107.0.1418.35",Con_Synth,congruent,1,B,08-10-22,08-10-22,09:24:42,0,0,0,0,0,802,3.6.1,linen,241,,834,834,1536,24,864,24,0,0,1536,long,Win32,LINEN,33947,122768,122735
Mozilla,Netscape,"5.0 (Windows NT 10.0; Win64; x64) AppleWebKit/537.36 (KHTML, like Gecko) Chrome/107.0.0.0 Safari/537.36 Edg/107.0.1418.35",Con_Nat,congruent,1,B,08-10-22,08-10-22,09:24:42,0,0,0,0,0,802,3.6.1,peas,241,,917,834,1536,24,864,24,0,0,1536,long,Win32,PEAS,33947,124318,124285
Mozilla,Netscape,"5.0 (Windows NT 10.0; Win64; x64) AppleWebKit/537.36 (KHTML, like Gecko) Chrome/107.0.0.0 Safari/537.36 Edg/107.0.1418.35",Inc_Nat_Nat,incongruent,0,B,08-10-22,08-10-22,09:24:42,0,0,0,0,0,802,3.6.1,shark,241,,1136,834,1536,24,864,24,0,0,1536,long,Win32,HILL,33947,125951,125918
Mozilla,Netscape,"5.0 (Windows NT 10.0; Win64; x64) AppleWebKit/537.36 (KHTML, like Gecko) Chrome/107.0.0.0 Safari/537.36 Edg/107.0.1418.35",Con_Synth,congruent,1,B,08-10-22,08-10-22,09:24:42,0,0,0,0,0,802,3.6.1,scarf,241,,702,834,1536,24,864,24,0,0,1536,long,Win32,SCARF,33947,127802,127768
Mozilla,Netscape,"5.0 (Windows NT 10.0; Win64; x64) AppleWebKit/537.36 (KHTML, like Gecko) Chrome/107.0.0.0 Safari/537.36 Edg/107.0.1418.35",Con_Synth,congruent,1,B,08-10-22,08-10-22,09:24:42,0,0,0,0,0,802,3.6.1,flask,241,,1108,834,1536,24,864,24,0,0,1536,long,Win32,FLASK,33947,129234,129201
Mozilla,Netscape,"5.0 (Windows NT 10.0; Win64; x64) AppleWebKit/537.36 (KHTML, like Gecko) Chrome/107.0.0.0 Safari/537.36 Edg/107.0.1418.35",Con_Nat,congruent,1,B,08-10-22,08-10-22,09:24:42,0,0,0,0,0,802,3.6.1,clam,241,,1319,834,1536,24,864,24,0,0,1536,long,Win32,CLAM,33947,131051,131017
Mozilla,Netscape,"5.0 (Windows NT 10.0; Win64; x64) AppleWebKit/537.36 (KHTML, like Gecko) Chrome/107.0.0.0 Safari/537.36 Edg/107.0.1418.35",Inc_Synth_Nat,incongruent,0,B,08-10-22,08-10-22,09:24:42,0,0,0,0,0,802,3.6.1,sink,241,,2016,834,1536,24,864,24,0,0,1536,long,Win32,LAMB,33947,133084,133050
Mozilla,Netscape,"5.0 (Windows NT 10.0; Win64; x64) AppleWebKit/537.36 (KHTML, like Gecko) Chrome/107.0.0.0 Safari/537.36 Edg/107.0.1418.35",Con_Synth,congruent,1,B,08-10-22,08-10-22,09:24:42,0,0,0,0,0,802,3.6.1,jeans,241,,1102,834,1536,24,864,24,0,0,1536,long,Win32,JEANS,33947,135816,135783
Mozilla,Netscape,"5.0 (Windows NT 10.0; Win64; x64) AppleWebKit/537.36 (KHTML, like Gecko) Chrome/107.0.0.0 Safari/537.36 Edg/107.0.1418.35",Con_Nat,congruent,1,B,08-10-22,08-10-22,09:24:42,0,0,0,0,0,802,3.6.1,cave,241,,1240,834,1536,24,864,24,0,0,1536,short,Win32,CAVE,140449,140516,140483
Mozilla,Netscape,"5.0 (Windows NT 10.0; Win64; x64) AppleWebKit/537.36 (KHTML, like Gecko) Chrome/107.0.0.0 Safari/537.36 Edg/107.0.1418.35",Con_Nat,congruent,1,B,08-10-22,08-10-22,09:24:42,0,0,0,0,0,802,3.6.1,seed,241,,684,834,1536,24,864,24,0,0,1536,short,Win32,SEED,142349,142416,142382
Mozilla,Netscape,"5.0 (Windows NT 10.0; Win64; x64) AppleWebKit/537.36 (KHTML, like Gecko) Chrome/107.0.0.0 Safari/537.36 Edg/107.0.1418.35",Con_Synth,congruent,1,B,08-10-22,08-10-22,09:24:42,0,0,0,0,0,802,3.6.1,mail,241,,777,834,1536,24,864,24,0,0,1536,short,Win32,MAIL,143682,143749,143715
Mozilla,Netscape,"5.0 (Windows NT 10.0; Win64; x64) AppleWebKit/537.36 (KHTML, like Gecko) Chrome/107.0.0.0 Safari/537.36 Edg/107.0.1418.35",Inc_Synth_Synth,incongruent,0,B,08-10-22,08-10-22,09:24:42,0,0,0,0,0,802,3.6.1,patio,241,,2016,834,1536,24,864,24,0,0,1536,short,Win32,SPOON,145115,145199,145150
Mozilla,Netscape,"5.0 (Windows NT 10.0; Win64; x64) AppleWebKit/537.36 (KHTML, like Gecko) Chrome/107.0.0.0 Safari/537.36 Edg/107.0.1418.35",Con_Synth,congruent,1,B,08-10-22,08-10-22,09:24:42,0,0,0,0,0,802,3.6.1,cable,241,,909,834,1536,24,864,24,0,0,1536,short,Win32,CABLE,147798,147882,147832
Mozilla,Netscape,"5.0 (Windows NT 10.0; Win64; x64) AppleWebKit/537.36 (KHTML, like Gecko) Chrome/107.0.0.0 Safari/537.36 Edg/107.0.1418.35",Con_Nat,congruent,1,B,08-10-22,08-10-22,09:24:42,0,0,0,0,0,802,3.6.1,daisy,241,,664,834,1536,24,864,24,0,0,1536,short,Win32,DAISY,149382,149448,149415
Mozilla,Netscape,"5.0 (Windows NT 10.0; Win64; x64) AppleWebKit/537.36 (KHTML, like Gecko) Chrome/107.0.0.0 Safari/537.36 Edg/107.0.1418.35",Nat_Nat_Synth,incongruent,0,B,08-10-22,08-10-22,09:24:42,0,0,0,0,0,802,3.6.1,finch,241,,861,834,1536,24,864,24,0,0,1536,short,Win32,SLOTH,150698,150765,150731
Mozilla,Netscape,"5.0 (Windows NT 10.0; Win64; x64) AppleWebKit/537.36 (KHTML, like Gecko) Chrome/107.0.0.0 Safari/537.36 Edg/107.0.1418.35",Inc_Nat_Nat,incongruent,0,B,08-10-22,08-10-22,09:24:42,0,0,0,0,0,802,3.6.1,berry,241,,643,834,1536,24,864,24,0,0,1536,short,Win32,OTTER,152214,152281,152248
Mozilla,Netscape,"5.0 (Windows NT 10.0; Win64; x64) AppleWebKit/537.36 (KHTML, like Gecko) Chrome/107.0.0.0 Safari/537.36 Edg/107.0.1418.35",Inc_Nat_Nat,incongruent,0,B,08-10-22,08-10-22,09:24:42,0,0,0,0,0,802,3.6.1,cobra,241,,866,834,1536,24,864,24,0,0,1536,short,Win32,TWIG,153514,153581,153548
Mozilla,Netscape,"5.0 (Windows NT 10.0; Win64; x64) AppleWebKit/537.36 (KHTML, like Gecko) Chrome/107.0.0.0 Safari/537.36 Edg/107.0.1418.35",Con_Nat,congruent,1,B,08-10-22,08-10-22,09:24:42,0,0,0,0,0,802,3.6.1,soil,241,,651,834,1536,24,864,24,0,0,1536,short,Win32,SOIL,155032,155114,155081
Mozilla,Netscape,"5.0 (Windows NT 10.0; Win64; x64) AppleWebKit/537.36 (KHTML, like Gecko) Chrome/107.0.0.0 Safari/537.36 Edg/107.0.1418.35",Inc_Nat_Nat,incongruent,1,B,08-10-22,08-10-22,09:24:42,0,0,0,0,0,802,3.6.1,poppy,241,,784,834,1536,24,864,24,0,0,1536,short,Win32,DINGO,156364,156430,156397
Mozilla,Netscape,"5.0 (Windows NT 10.0; Win64; x64) AppleWebKit/537.36 (KHTML, like Gecko) Chrome/107.0.0.0 Safari/537.36 Edg/107.0.1418.35",Con_Nat,congruent,1,B,08-10-22,08-10-22,09:24:42,0,0,0,0,0,802,3.6.1,corn,241,,1235,834,1536,24,864,24,0,0,1536,short,Win32,CORN,157814,157881,157847
Mozilla,Netscape,"5.0 (Windows NT 10.0; Win64; x64) AppleWebKit/537.36 (KHTML, like Gecko) Chrome/107.0.0.0 Safari/537.36 Edg/107.0.1418.35",Inc_Synth_Nat,incongruent,1,B,08-10-22,08-10-22,09:24:42,0,0,0,0,0,802,3.6.1,ruler,241,,1218,834,1536,24,864,24,0,0,1536,short,Win32,PANSY,159713,159780,159747
Mozilla,Netscape,"5.0 (Windows NT 10.0; Win64; x64) AppleWebKit/537.36 (KHTML, like Gecko) Chrome/107.0.0.0 Safari/537.36 Edg/107.0.1418.35",Inc_Nat_Synth,incongruent,1,B,08-10-22,08-10-22,09:24:42,0,0,0,0,0,802,3.6.1,crow,241,,729,834,1536,24,864,24,0,0,1536,short,Win32,YACHT,161597,161663,161630
Mozilla,Netscape,"5.0 (Windows NT 10.0; Win64; x64) AppleWebKit/537.36 (KHTML, like Gecko) Chrome/107.0.0.0 Safari/537.36 Edg/107.0.1418.35",Con_Synth,congruent,1,B,08-10-22,08-10-22,09:24:42,0,0,0,0,0,802,3.6.1,doll,241,,972,834,1536,24,864,24,0,0,1536,short,Win32,DOLL,162980,163046,163013
Mozilla,Netscape,"5.0 (Windows NT 10.0; Win64; x64) AppleWebKit/537.36 (KHTML, like Gecko) Chrome/107.0.0.0 Safari/537.36 Edg/107.0.1418.35",Inc_Synth_Synth,incongruent,0,B,08-10-22,08-10-22,09:24:42,0,0,0,0,0,802,3.6.1,ladle,241,,963,834,1536,24,864,24,0,0,1536,short,Win32,CAFÉ,164613,164680,164646
Mozilla,Netscape,"5.0 (Windows NT 10.0; Win64; x64) AppleWebKit/537.36 (KHTML, like Gecko) Chrome/107.0.0.0 Safari/537.36 Edg/107.0.1418.35",Con_Synth,congruent,1,B,08-10-22,08-10-22,09:24:42,0,0,0,0,0,802,3.6.1,drug,241,,1128,834,1536,24,864,24,0,0,1536,short,Win32,DRUG,166229,166296,166263
Mozilla,Netscape,"5.0 (Windows NT 10.0; Win64; x64) AppleWebKit/537.36 (KHTML, like Gecko) Chrome/107.0.0.0 Safari/537.36 Edg/107.0.1418.35",Con_Nat,congruent,1,B,08-10-22,08-10-22,09:24:42,0,0,0,0,0,802,3.6.1,tiger,241,,690,834,1536,24,864,24,0,0,1536,short,Win32,TIGER,168012,168079,168046
Mozilla,Netscape,"5.0 (Windows NT 10.0; Win64; x64) AppleWebKit/537.36 (KHTML, like Gecko) Chrome/107.0.0.0 Safari/537.36 Edg/107.0.1418.35",Inc_Nat_Synth,incongruent,1,B,08-10-22,08-10-22,09:24:42,0,0,0,0,0,802,3.6.1,peach,241,,1113,834,1536,24,864,24,0,0,1536,short,Win32,SHED,169362,169429,169395
Mozilla,Netscape,"5.0 (Windows NT 10.0; Win64; x64) AppleWebKit/537.36 (KHTML, like Gecko) Chrome/107.0.0.0 Safari/537.36 Edg/107.0.1418.35",Con_Nat,congruent,0,B,08-10-22,08-10-22,09:24:42,0,0,0,0,0,802,3.6.1,frog,241,,2016,834,1536,24,864,24,0,0,1536,short,Win32,FROG,171129,171195,171162
Mozilla,Netscape,"5.0 (Windows NT 10.0; Win64; x64) AppleWebKit/537.36 (KHTML, like Gecko) Chrome/107.0.0.0 Safari/537.36 Edg/107.0.1418.35",Con_Synth,congruent,1,B,08-10-22,08-10-22,09:24:42,0,0,0,0,0,802,3.6.1,sword,241,,734,834,1536,24,864,24,0,0,1536,short,Win32,SWORD,173795,173878,173829
Mozilla,Netscape,"5.0 (Windows NT 10.0; Win64; x64) AppleWebKit/537.36 (KHTML, like Gecko) Chrome/107.0.0.0 Safari/537.36 Edg/107.0.1418.35",Con_Synth,congruent,1,B,08-10-22,08-10-22,09:24:42,0,0,0,0,0,802,3.6.1,toast,241,,707,834,1536,24,864,24,0,0,1536,short,Win32,TOAST,175211,175278,175245
Mozilla,Netscape,"5.0 (Windows NT 10.0; Win64; x64) AppleWebKit/537.36 (KHTML, like Gecko) Chrome/107.0.0.0 Safari/537.36 Edg/107.0.1418.35",Inc_Nat_Synth,incongruent,1,B,08-10-22,08-10-22,09:24:42,0,0,0,0,0,802,3.6.1,toad,241,,1006,834,1536,24,864,24,0,0,1536,short,Win32,GLOVE,176578,176645,176611
Mozilla,Netscape,"5.0 (Windows NT 10.0; Win64; x64) AppleWebKit/537.36 (KHTML, like Gecko) Chrome/107.0.0.0 Safari/537.36 Edg/107.0.1418.35",Inc_Nat_Synth,incongruent,1,B,08-10-22,08-10-22,09:24:42,0,0,0,0,0,802,3.6.1,water,241,,634,834,1536,24,864,24,0,0,1536,short,Win32,MEDAL,178261,178328,178295
Mozilla,Netscape,"5.0 (Windows NT 10.0; Win64; x64) AppleWebKit/537.36 (KHTML, like Gecko) Chrome/107.0.0.0 Safari/537.36 Edg/107.0.1418.35",Con_Nat,congruent,1,B,08-10-22,08-10-22,09:24:42,0,0,0,0,0,802,3.6.1,hawk,241,,587,834,1536,24,864,24,0,0,1536,short,Win32,HAWK,179561,179628,179594
Mozilla,Netscape,"5.0 (Windows NT 10.0; Win64; x64) AppleWebKit/537.36 (KHTML, like Gecko) Chrome/107.0.0.0 Safari/537.36 Edg/107.0.1418.35",Inc_Synth_Synth,incongruent,0,B,08-10-22,08-10-22,09:24:42,0,0,0,0,0,802,3.6.1,kiosk,241,,1370,834,1536,24,864,24,0,0,1536,short,Win32,SOFA,180827,180894,180861
Mozilla,Netscape,"5.0 (Windows NT 10.0; Win64; x64) AppleWebKit/537.36 (KHTML, like Gecko) Chrome/107.0.0.0 Safari/537.36 Edg/107.0.1418.35",Inc_Synth_Synth,incongruent,0,B,08-10-22,08-10-22,09:24:42,0,0,0,0,0,802,3.6.1,wharf,241,,974,834,1536,24,864,24,0,0,1536,short,Win32,RAZOR,182860,182927,182894
Mozilla,Netscape,"5.0 (Windows NT 10.0; Win64; x64) AppleWebKit/537.36 (KHTML, like Gecko) Chrome/107.0.0.0 Safari/537.36 Edg/107.0.1418.35",Inc_Nat_Nat,incongruent,0,B,08-10-22,08-10-22,09:24:42,0,0,0,0,0,802,3.6.1,lime,241,,1324,834,1536,24,864,24,0,0,1536,short,Win32,GULLY,184494,184561,184527
Mozilla,Netscape,"5.0 (Windows NT 10.0; Win64; x64) AppleWebKit/537.36 (KHTML, like Gecko) Chrome/107.0.0.0 Safari/537.36 Edg/107.0.1418.35",Inc_Nat_Synth,incongruent,1,B,08-10-22,08-10-22,09:24:42,0,0,0,0,0,802,3.6.1,camel,241,,732,834,1536,24,864,24,0,0,1536,short,Win32,BENCH,186477,186560,186527
Mozilla,Netscape,"5.0 (Windows NT 10.0; Win64; x64) AppleWebKit/537.36 (KHTML, like Gecko) Chrome/107.0.0.0 Safari/537.36 Edg/107.0.1418.35",Inc_Synth_Nat,incongruent,1,B,08-10-22,08-10-22,09:24:42,0,0,0,0,0,802,3.6.1,spear,241,,1652,834,1536,24,864,24,0,0,1536,short,Win32,MOTH,187876,187943,187910
Mozilla,Netscape,"5.0 (Windows NT 10.0; Win64; x64) AppleWebKit/537.36 (KHTML, like Gecko) Chrome/107.0.0.0 Safari/537.36 Edg/107.0.1418.35",Inc_Nat_Synth,incongruent,1,B,08-10-22,08-10-22,09:24:42,0,0,0,0,0,802,3.6.1,melon,241,,1188,834,1536,24,864,24,0,0,1536,short,Win32,HOSE,190193,190259,190226
Mozilla,Netscape,"5.0 (Windows NT 10.0; Win64; x64) AppleWebKit/537.36 (KHTML, like Gecko) Chrome/107.0.0.0 Safari/537.36 Edg/107.0.1418.35",Con_Nat,congruent,1,B,08-10-22,08-10-22,09:24:42,0,0,0,0,0,802,3.6.1,deer,241,,1263,834,1536,24,864,24,0,0,1536,short,Win32,DEER,192043,192109,192076
Mozilla,Netscape,"5.0 (Windows NT 10.0; Win64; x64) AppleWebKit/537.36 (KHTML, like Gecko) Chrome/107.0.0.0 Safari/537.36 Edg/107.0.1418.35",Con_Nat,congruent,1,B,08-10-22,08-10-22,09:24:42,0,0,0,0,0,802,3.6.1,worm,241,,1528,834,1536,24,864,24,0,0,1536,short,Win32,WORM,193959,194025,193992
Mozilla,Netscape,"5.0 (Windows NT 10.0; Win64; x64) AppleWebKit/537.36 (KHTML, like Gecko) Chrome/107.0.0.0 Safari/537.36 Edg/107.0.1418.35",Con_Synth,congruent,1,B,08-10-22,08-10-22,09:24:42,0,0,0,0,0,802,3.6.1,tank,241,,778,834,1536,24,864,24,0,0,1536,short,Win32,TANK,196142,196225,196176
Mozilla,Netscape,"5.0 (Windows NT 10.0; Win64; x64) AppleWebKit/537.36 (KHTML, like Gecko) Chrome/107.0.0.0 Safari/537.36 Edg/107.0.1418.35",Con_Nat,congruent,1,B,08-10-22,08-10-22,09:24:42,0,0,0,0,0,802,3.6.1,goose,241,,1254,834,1536,24,864,24,0,0,1536,short,Win32,GOOSE,197592,197659,197625
Mozilla,Netscape,"5.0 (Windows NT 10.0; Win64; x64) AppleWebKit/537.36 (KHTML, like Gecko) Chrome/107.0.0.0 Safari/537.36 Edg/107.0.1418.35",Con_Synth,congruent,1,B,08-10-22,08-10-22,09:24:42,0,0,0,0,0,802,3.6.1,bread,241,,665,834,1536,24,864,24,0,0,1536,short,Win32,BREAD,199508,199575,199542
Mozilla,Netscape,"5.0 (Windows NT 10.0; Win64; x64) AppleWebKit/537.36 (KHTML, like Gecko) Chrome/107.0.0.0 Safari/537.36 Edg/107.0.1418.35",Con_Synth,congruent,1,B,08-10-22,08-10-22,09:24:42,0,0,0,0,0,802,3.6.1,belt,241,,902,834,1536,24,864,24,0,0,1536,short,Win32,BELT,200825,200891,200858
Mozilla,Netscape,"5.0 (Windows NT 10.0; Win64; x64) AppleWebKit/537.36 (KHTML, like Gecko) Chrome/107.0.0.0 Safari/537.36 Edg/107.0.1418.35",Con_Nat,congruent,0,B,08-10-22,08-10-22,09:24:42,0,0,0,0,0,802,3.6.1,puppy,241,,2016,834,1536,24,864,24,0,0,1536,short,Win32,PUPPY,202391,202458,202425
Mozilla,Netscape,"5.0 (Windows NT 10.0; Win64; x64) AppleWebKit/537.36 (KHTML, like Gecko) Chrome/107.0.0.0 Safari/537.36 Edg/107.0.1418.35",Con_Nat,congruent,1,B,08-10-22,08-10-22,09:24:42,0,0,0,0,0,802,3.6.1,grass,241,,1371,834,1536,24,864,24,0,0,1536,short,Win32,GRASS,205058,205124,205091
Mozilla,Netscape,"5.0 (Windows NT 10.0; Win64; x64) AppleWebKit/537.36 (KHTML, like Gecko) Chrome/107.0.0.0 Safari/537.36 Edg/107.0.1418.35",Con_Nat,congruent,0,B,08-10-22,08-10-22,09:24:42,0,0,0,0,0,802,3.6.1,creek,241,,2001,834,1536,24,864,24,0,0,1536,short,Win32,CREEK,207091,207158,207125
Mozilla,Netscape,"5.0 (Windows NT 10.0; Win64; x64) AppleWebKit/537.36 (KHTML, like Gecko) Chrome/107.0.0.0 Safari/537.36 Edg/107.0.1418.35",Inc_Synth_Nat,incongruent,1,B,08-10-22,08-10-22,09:24:42,0,0,0,0,0,802,3.6.1,sewer,241,,1310,834,1536,24,864,24,0,0,1536,short,Win32,CORAL,209757,209824,209790
Mozilla,Netscape,"5.0 (Windows NT 10.0; Win64; x64) AppleWebKit/537.36 (KHTML, like Gecko) Chrome/107.0.0.0 Safari/537.36 Edg/107.0.1418.35",Inc_Synth_Nat,incongruent,1,B,08-10-22,08-10-22,09:24:42,0,0,0,0,0,802,3.6.1,rail,241,,852,834,1536,24,864,24,0,0,1536,short,Win32,SQUID,211723,211790,211757
Mozilla,Netscape,"5.0 (Windows NT 10.0; Win64; x64) AppleWebKit/537.36 (KHTML, like Gecko) Chrome/107.0.0.0 Safari/537.36 Edg/107.0.1418.35",Inc_Nat_Nat,incongruent,0,B,08-10-22,08-10-22,09:24:42,0,0,0,0,0,802,3.6.1,fern,241,,678,834,1536,24,864,24,0,0,1536,short,Win32,PETAL,213241,213323,213290
Mozilla,Netscape,"5.0 (Windows NT 10.0; Win64; x64) AppleWebKit/537.36 (KHTML, like Gecko) Chrome/107.0.0.0 Safari/537.36 Edg/107.0.1418.35",Con_Synth,congruent,1,B,08-10-22,08-10-22,09:24:42,0,0,0,0,0,802,3.6.1,bike,241,,606,834,1536,24,864,24,0,0,1536,short,Win32,BIKE,214589,214656,214623
Mozilla,Netscape,"5.0 (Windows NT 10.0; Win64; x64) AppleWebKit/537.36 (KHTML, like Gecko) Chrome/107.0.0.0 Safari/537.36 Edg/107.0.1418.35",Inc_Synth_Nat,incongruent,0,B,08-10-22,08-10-22,09:24:42,0,0,0,0,0,802,3.6.1,arena,241,,1662,834,1536,24,864,24,0,0,1536,short,Win32,VINE,215857,215939,215906
Mozilla,Netscape,"5.0 (Windows NT 10.0; Win64; x64) AppleWebKit/537.36 (KHTML, like Gecko) Chrome/107.0.0.0 Safari/537.36 Edg/107.0.1418.35",Inc_Nat_Synth,incongruent,0,B,08-10-22,08-10-22,09:24:42,0,0,0,0,0,802,3.6.1,mice,241,,2017,834,1536,24,864,24,0,0,1536,short,Win32,TOOLS,218189,218256,218222
Mozilla,Netscape,"5.0 (Windows NT 10.0; Win64; x64) AppleWebKit/537.36 (KHTML, like Gecko) Chrome/107.0.0.0 Safari/537.36 Edg/107.0.1418.35",Con_Synth,congruent,1,B,08-10-22,08-10-22,09:24:42,0,0,0,0,0,802,3.6.1,rope,241,,829,834,1536,24,864,24,0,0,1536,short,Win32,ROPE,220855,220922,220889
Mozilla,Netscape,"5.0 (Windows NT 10.0; Win64; x64) AppleWebKit/537.36 (KHTML, like Gecko) Chrome/107.0.0.0 Safari/537.36 Edg/107.0.1418.35",Inc_Nat_Synth,incongruent,1,B,08-10-22,08-10-22,09:24:42,0,0,0,0,0,802,3.6.1,leaf,241,,843,834,1536,24,864,24,0,0,1536,short,Win32,COIN,222339,222405,222372
Mozilla,Netscape,"5.0 (Windows NT 10.0; Win64; x64) AppleWebKit/537.36 (KHTML, like Gecko) Chrome/107.0.0.0 Safari/537.36 Edg/107.0.1418.35",Inc_Synth_Synth,incongruent,0,B,08-10-22,08-10-22,09:24:42,0,0,0,0,0,802,3.6.1,sash,241,,705,834,1536,24,864,24,0,0,1536,short,Win32,CLOTH,223838,223905,223872
Mozilla,Netscape,"5.0 (Windows NT 10.0; Win64; x64) AppleWebKit/537.36 (KHTML, like Gecko) Chrome/107.0.0.0 Safari/537.36 Edg/107.0.1418.35",Inc_Nat_Nat,incongruent,1,B,08-10-22,08-10-22,09:24:42,0,0,0,0,0,802,3.6.1,grape,241,,564,834,1536,24,864,24,0,0,1536,short,Win32,LLAMA,225205,225272,225238
Mozilla,Netscape,"5.0 (Windows NT 10.0; Win64; x64) AppleWebKit/537.36 (KHTML, like Gecko) Chrome/107.0.0.0 Safari/537.36 Edg/107.0.1418.35",Inc_Synth_Synth,incongruent,0,B,08-10-22,08-10-22,09:24:42,0,0,0,0,0,802,3.6.1,silo,241,,1028,834,1536,24,864,24,0,0,1536,short,Win32,PLAZA,226421,226488,226455
Mozilla,Netscape,"5.0 (Windows NT 10.0; Win64; x64) AppleWebKit/537.36 (KHTML, like Gecko) Chrome/107.0.0.0 Safari/537.36 Edg/107.0.1418.35",Con_Synth,congruent,0,B,08-10-22,08-10-22,09:24:42,0,0,0,0,0,802,3.6.1,coat,241,,522,834,1536,24,864,24,0,0,1536,short,Win32,COAT,228104,228171,228138
Mozilla,Netscape,"5.0 (Windows NT 10.0; Win64; x64) AppleWebKit/537.36 (KHTML, like Gecko) Chrome/107.0.0.0 Safari/537.36 Edg/107.0.1418.35",Con_Synth,congruent,1,B,08-10-22,08-10-22,09:24:42,0,0,0,0,0,802,3.6.1,tower,241,,906,834,1536,24,864,24,0,0,1536,short,Win32,TOWER,229288,229371,229324
Mozilla,Netscape,"5.0 (Windows NT 10.0; Win64; x64) AppleWebKit/537.36 (KHTML, like Gecko) Chrome/107.0.0.0 Safari/537.36 Edg/107.0.1418.35",Con_Nat,congruent,0,B,08-10-22,08-10-22,09:24:42,0,0,0,0,0,802,3.6.1,whale,241,,703,834,1536,24,864,24,0,0,1536,short,Win32,WHALE,230871,230937,230904
Mozilla,Netscape,"5.0 (Windows NT 10.0; Win64; x64) AppleWebKit/537.36 (KHTML, like Gecko) Chrome/107.0.0.0 Safari/537.36 Edg/107.0.1418.35",Inc_Synth_Nat,incongruent,1,B,08-10-22,08-10-22,09:24:42,0,0,0,0,0,802,3.6.1,harp,241,,766,834,1536,24,864,24,0,0,1536,short,Win32,SNAIL,232238,232337,232288
Mozilla,Netscape,"5.0 (Windows NT 10.0; Win64; x64) AppleWebKit/537.36 (KHTML, like Gecko) Chrome/107.0.0.0 Safari/537.36 Edg/107.0.1418.35",Inc_Synth_Nat,incongruent,1,B,08-10-22,08-10-22,09:24:42,0,0,0,0,0,802,3.6.1,rake,241,,1089,834,1536,24,864,24,0,0,1536,short,Win32,HUSKY,233687,233754,233721
Mozilla,Netscape,"5.0 (Windows NT 10.0; Win64; x64) AppleWebKit/537.36 (KHTML, like Gecko) Chrome/107.0.0.0 Safari/537.36 Edg/107.0.1418.35",Inc_Synth_Nat,incongruent,1,B,08-10-22,08-10-22,09:24:42,0,0,0,0,0,802,3.6.1,torch,241,,763,834,1536,24,864,24,0,0,1536,short,Win32,CHIMP,235437,235503,235470
Mozilla,Netscape,"5.0 (Windows NT 10.0; Win64; x64) AppleWebKit/537.36 (KHTML, like Gecko) Chrome/107.0.0.0 Safari/537.36 Edg/107.0.1418.35",Con_Synth,congruent,1,B,08-10-22,08-10-22,09:24:42,0,0,0,0,0,802,3.6.1,gate,241,,1075,834,1536,24,864,24,0,0,1536,short,Win32,GATE,236853,236920,236887
Mozilla,Netscape,"5.0 (Windows NT 10.0; Win64; x64) AppleWebKit/537.36 (KHTML, like Gecko) Chrome/107.0.0.0 Safari/537.36 Edg/107.0.1418.35",Con_Synth,congruent,1,B,08-10-22,08-10-22,09:24:42,0,0,0,0,0,802,3.6.1,paint,241,,780,834,1536,24,864,24,0,0,1536,short,Win32,PAINT,238587,238670,238636
Mozilla,Netscape,"5.0 (Windows NT 10.0; Win64; x64) AppleWebKit/537.36 (KHTML, like Gecko) Chrome/107.0.0.0 Safari/537.36 Edg/107.0.1418.35",Inc_Synth_Synth,incongruent,0,B,08-10-22,08-10-22,09:24:42,0,0,0,0,0,802,3.6.1,spade,241,,1440,834,1536,24,864,24,0,0,1536,short,Win32,SHELF,240037,240103,240070
Mozilla,Netscape,"5.0 (Windows NT 10.0; Win64; x64) AppleWebKit/537.36 (KHTML, like Gecko) Chrome/107.0.0.0 Safari/537.36",practice,practice,1,None,08-10-22,07-10-22,00:55:44,0,0,0,0,0,800,3.6.1,iweonf,241,,1063,824,1536,24,864,24,0,0,1536,practice,Win32,BOAT,52291,52358,52325
Mozilla,Netscape,"5.0 (Windows NT 10.0; Win64; x64) AppleWebKit/537.36 (KHTML, like Gecko) Chrome/107.0.0.0 Safari/537.36",practice,practice,1,None,08-10-22,07-10-22,00:55:44,0,0,0,0,0,800,3.6.1,snjghf,241,,628,824,1536,24,864,24,0,0,1536,practice,Win32,SHEEP,54023,54107,54057
Mozilla,Netscape,"5.0 (Windows NT 10.0; Win64; x64) AppleWebKit/537.36 (KHTML, like Gecko) Chrome/107.0.0.0 Safari/537.36",practice,practice,1,None,08-10-22,07-10-22,00:55:44,0,0,0,0,0,800,3.6.1,nvoiuh,241,,848,824,1536,24,864,24,0,0,1536,practice,Win32,HOUSE,55355,55422,55388
Mozilla,Netscape,"5.0 (Windows NT 10.0; Win64; x64) AppleWebKit/537.36 (KHTML, like Gecko) Chrome/107.0.0.0 Safari/537.36",practice,practice,1,None,08-10-22,07-10-22,00:55:44,0,0,0,0,0,800,3.6.1,abjdhjs,241,,823,824,1536,24,864,24,0,0,1536,practice,Win32,HORSE,56871,56954,56920
Mozilla,Netscape,"5.0 (Windows NT 10.0; Win64; x64) AppleWebKit/537.36 (KHTML, like Gecko) Chrome/107.0.0.0 Safari/537.36",Con_Synth,congruent,1,B,08-10-22,07-10-22,00:55:44,0,0,0,0,0,800,3.6.1,linen,241,,1209,824,1536,24,864,24,0,0,1536,long,Win32,LINEN,56871,60401,60367
Mozilla,Netscape,"5.0 (Windows NT 10.0; Win64; x64) AppleWebKit/537.36 (KHTML, like Gecko) Chrome/107.0.0.0 Safari/537.36",Con_Synth,congruent,1,B,08-10-22,07-10-22,00:55:44,0,0,0,0,0,800,3.6.1,flute,241,,807,824,1536,24,864,24,0,0,1536,long,Win32,FLUTE,56871,62332,62298
Mozilla,Netscape,"5.0 (Windows NT 10.0; Win64; x64) AppleWebKit/537.36 (KHTML, like Gecko) Chrome/107.0.0.0 Safari/537.36",Con_Synth,congruent,1,B,08-10-22,07-10-22,00:55:44,0,0,0,0,0,800,3.6.1,jeans,241,,1110,824,1536,24,864,24,0,0,1536,long,Win32,JEANS,56871,63864,63831
Mozilla,Netscape,"5.0 (Windows NT 10.0; Win64; x64) AppleWebKit/537.36 (KHTML, like Gecko) Chrome/107.0.0.0 Safari/537.36",Inc_Nat_Nat,incongruent,0,B,08-10-22,07-10-22,00:55:44,0,0,0,0,0,800,3.6.1,bunny,241,,755,824,1536,24,864,24,0,0,1536,long,Win32,ROSE,56871,65712,65679
Mozilla,Netscape,"5.0 (Windows NT 10.0; Win64; x64) AppleWebKit/537.36 (KHTML, like Gecko) Chrome/107.0.0.0 Safari/537.36",Con_Nat,congruent,1,B,08-10-22,07-10-22,00:55:44,0,0,0,0,0,800,3.6.1,plum,241,,730,824,1536,24,864,24,0,0,1536,long,Win32,PLUM,56871,67211,67161
Mozilla,Netscape,"5.0 (Windows NT 10.0; Win64; x64) AppleWebKit/537.36 (KHTML, like Gecko) Chrome/107.0.0.0 Safari/537.36",Inc_Synth_Synth,incongruent,0,B,08-10-22,07-10-22,00:55:44,0,0,0,0,0,800,3.6.1,cake,241,,706,824,1536,24,864,24,0,0,1536,long,Win32,TRASH,56871,68676,68643
Mozilla,Netscape,"5.0 (Windows NT 10.0; Win64; x64) AppleWebKit/537.36 (KHTML, like Gecko) Chrome/107.0.0.0 Safari/537.36",Inc_Nat_Synth,incongruent,1,B,08-10-22,07-10-22,00:55:44,0,0,0,0,0,800,3.6.1,wheat,241,,966,824,1536,24,864,24,0,0,1536,long,Win32,BRICK,56871,70108,70059
Mozilla,Netscape,"5.0 (Windows NT 10.0; Win64; x64) AppleWebKit/537.36 (KHTML, like Gecko) Chrome/107.0.0.0 Safari/537.36",Con_Nat,congruent,1,B,08-10-22,07-10-22,00:55:44,0,0,0,0,0,800,3.6.1,earth,241,,761,824,1536,24,864,24,0,0,1536,long,Win32,EARTH,56871,71806,71757
Mozilla,Netscape,"5.0 (Windows NT 10.0; Win64; x64) AppleWebKit/537.36 (KHTML, like Gecko) Chrome/107.0.0.0 Safari/537.36",Con_Nat,congruent,1,B,08-10-22,07-10-22,00:55:44,0,0,0,0,0,800,3.6.1,peas,241,,726,824,1536,24,864,24,0,0,1536,long,Win32,PEAS,56871,73289,73239
Mozilla,Netscape,"5.0 (Windows NT 10.0; Win64; x64) AppleWebKit/537.36 (KHTML, like Gecko) Chrome/107.0.0.0 Safari/537.36",Con_Synth,congruent,1,B,08-10-22,07-10-22,00:55:44,0,0,0,0,0,800,3.6.1,apron,241,,1024,824,1536,24,864,24,0,0,1536,long,Win32,APRON,56871,74754,74720
Mozilla,Netscape,"5.0 (Windows NT 10.0; Win64; x64) AppleWebKit/537.36 (KHTML, like Gecko) Chrome/107.0.0.0 Safari/537.36",Con_Synth,congruent,1,B,08-10-22,07-10-22,00:55:44,0,0,0,0,0,800,3.6.1,crate,241,,983,824,1536,24,864,24,0,0,1536,long,Win32,CRATE,56871,76519,76469
Mozilla,Netscape,"5.0 (Windows NT 10.0; Win64; x64) AppleWebKit/537.36 (KHTML, like Gecko) Chrome/107.0.0.0 Safari/537.36",Con_Synth,congruent,1,B,08-10-22,07-10-22,00:55:44,0,0,0,0,0,800,3.6.1,stair,241,,879,824,1536,24,864,24,0,0,1536,long,Win32,STAIR,56871,78234,78200
Mozilla,Netscape,"5.0 (Windows NT 10.0; Win64; x64) AppleWebKit/537.36 (KHTML, like Gecko) Chrome/107.0.0.0 Safari/537.36",Con_Synth,congruent,1,B,08-10-22,07-10-22,00:55:44,0,0,0,0,0,800,3.6.1,stove,241,,825,824,1536,24,864,24,0,0,1536,long,Win32,STOVE,56871,79833,79799
Mozilla,Netscape,"5.0 (Windows NT 10.0; Win64; x64) AppleWebKit/537.36 (KHTML, like Gecko) Chrome/107.0.0.0 Safari/537.36",Inc_Synth_Synth,incongruent,0,B,08-10-22,07-10-22,00:55:44,0,0,0,0,0,800,3.6.1,deck,241,,976,824,1536,24,864,24,0,0,1536,long,Win32,PLATE,56871,81381,81347
Mozilla,Netscape,"5.0 (Windows NT 10.0; Win64; x64) AppleWebKit/537.36 (KHTML, like Gecko) Chrome/107.0.0.0 Safari/537.36",Inc_Synth_Nat,incongruent,1,B,08-10-22,07-10-22,00:55:44,0,0,0,0,0,800,3.6.1,fort,241,,625,824,1536,24,864,24,0,0,1536,long,Win32,GOAT,56871,83079,83046
Mozilla,Netscape,"5.0 (Windows NT 10.0; Win64; x64) AppleWebKit/537.36 (KHTML, like Gecko) Chrome/107.0.0.0 Safari/537.36",Con_Synth,congruent,1,B,08-10-22,07-10-22,00:55:44,0,0,0,0,0,800,3.6.1,arrow,241,,726,824,1536,24,864,24,0,0,1536,long,Win32,ARROW,56871,84411,84378
Mozilla,Netscape,"5.0 (Windows NT 10.0; Win64; x64) AppleWebKit/537.36 (KHTML, like Gecko) Chrome/107.0.0.0 Safari/537.36",Inc_Synth_Nat,incongruent,1,B,08-10-22,07-10-22,00:55:44,0,0,0,0,0,800,3.6.1,mall,241,,874,824,1536,24,864,24,0,0,1536,long,Win32,BUSH,56871,85843,85810
Mozilla,Netscape,"5.0 (Windows NT 10.0; Win64; x64) AppleWebKit/537.36 (KHTML, like Gecko) Chrome/107.0.0.0 Safari/537.36",Inc_Synth_Synth,incongruent,0,B,08-10-22,07-10-22,00:55:44,0,0,0,0,0,800,3.6.1,taxi,241,,784,824,1536,24,864,24,0,0,1536,long,Win32,CHAIN,56871,87425,87392
Mozilla,Netscape,"5.0 (Windows NT 10.0; Win64; x64) AppleWebKit/537.36 (KHTML, like Gecko) Chrome/107.0.0.0 Safari/537.36",Inc_Synth_Synth,incongruent,0,B,08-10-22,07-10-22,00:55:44,0,0,0,0,0,800,3.6.1,wire,241,,823,824,1536,24,864,24,0,0,1536,long,Win32,CABIN,56871,88940,88893
Mozilla,Netscape,"5.0 (Windows NT 10.0; Win64; x64) AppleWebKit/537.36 (KHTML, like Gecko) Chrome/107.0.0.0 Safari/537.36",Inc_Nat_Nat,incongruent,0,B,08-10-22,07-10-22,00:55:44,0,0,0,0,0,800,3.6.1,fruit,241,,692,824,1536,24,864,24,0,0,1536,long,Win32,BEAR,56871,90473,90439
Mozilla,Netscape,"5.0 (Windows NT 10.0; Win64; x64) AppleWebKit/537.36 (KHTML, like Gecko) Chrome/107.0.0.0 Safari/537.36",Inc_Nat_Nat,incongruent,0,B,08-10-22,07-10-22,00:55:44,0,0,0,0,0,800,3.6.1,lemon,241,,538,824,1536,24,864,24,0,0,1536,long,Win32,DUCK,56871,91888,91854
Mozilla,Netscape,"5.0 (Windows NT 10.0; Win64; x64) AppleWebKit/537.36 (KHTML, like Gecko) Chrome/107.0.0.0 Safari/537.36",Con_Synth,congruent,1,B,08-10-22,07-10-22,00:55:44,0,0,0,0,0,800,3.6.1,flask,241,,984,824,1536,24,864,24,0,0,1536,long,Win32,FLASK,56871,93153,93120
Mozilla,Netscape,"5.0 (Windows NT 10.0; Win64; x64) AppleWebKit/537.36 (KHTML, like Gecko) Chrome/107.0.0.0 Safari/537.36",Inc_Nat_Nat,incongruent,0,B,08-10-22,07-10-22,00:55:44,0,0,0,0,0,800,3.6.1,storm,241,,831,824,1536,24,864,24,0,0,1536,long,Win32,LAND,56871,94851,94818
Mozilla,Netscape,"5.0 (Windows NT 10.0; Win64; x64) AppleWebKit/537.36 (KHTML, like Gecko) Chrome/107.0.0.0 Safari/537.36",Inc_Nat_Synth,incongruent,1,B,08-10-22,07-10-22,00:55:44,0,0,0,0,0,800,3.6.1,moose,241,,818,824,1536,24,864,24,0,0,1536,long,Win32,PORCH,56871,96400,96367
Mozilla,Netscape,"5.0 (Windows NT 10.0; Win64; x64) AppleWebKit/537.36 (KHTML, like Gecko) Chrome/107.0.0.0 Safari/537.36",Inc_Synth_Nat,incongruent,1,B,08-10-22,07-10-22,00:55:44,0,0,0,0,0,800,3.6.1,pipe,241,,641,824,1536,24,864,24,0,0,1536,long,Win32,LION,56871,97932,97899
Mozilla,Netscape,"5.0 (Windows NT 10.0; Win64; x64) AppleWebKit/537.36 (KHTML, like Gecko) Chrome/107.0.0.0 Safari/537.36",Con_Synth,congruent,1,B,08-10-22,07-10-22,00:55:44,0,0,0,0,0,800,3.6.1,ferry,241,,781,824,1536,24,864,24,0,0,1536,long,Win32,FERRY,56871,99281,99247
Mozilla,Netscape,"5.0 (Windows NT 10.0; Win64; x64) AppleWebKit/537.36 (KHTML, like Gecko) Chrome/107.0.0.0 Safari/537.36",Inc_Nat_Synth,incongruent,0,B,08-10-22,07-10-22,00:55:44,0,0,0,0,0,800,3.6.1,swamp,241,,668,824,1536,24,864,24,0,0,1536,long,Win32,DRILL,56871,100763,100729
Mozilla,Netscape,"5.0 (Windows NT 10.0; Win64; x64) AppleWebKit/537.36 (KHTML, like Gecko) Chrome/107.0.0.0 Safari/537.36",Inc_Nat_Nat,incongruent,0,B,08-10-22,07-10-22,00:55:44,0,0,0,0,0,800,3.6.1,sheep,241,,808,824,1536,24,864,24,0,0,1536,long,Win32,BULL,56871,102145,102111
Mozilla,Netscape,"5.0 (Windows NT 10.0; Win64; x64) AppleWebKit/537.36 (KHTML, like Gecko) Chrome/107.0.0.0 Safari/537.36",Con_Nat,congruent,0,B,08-10-22,07-10-22,00:55:44,0,0,0,0,0,800,3.6.1,crab,241,,1160,824,1536,24,864,24,0,0,1536,long,Win32,CRAB,56871,103676,103643
Mozilla,Netscape,"5.0 (Windows NT 10.0; Win64; x64) AppleWebKit/537.36 (KHTML, like Gecko) Chrome/107.0.0.0 Safari/537.36",Con_Nat,congruent,1,B,08-10-22,07-10-22,00:55:44,0,0,0,0,0,800,3.6.1,pear,241,,821,824,1536,24,864,24,0,0,1536,long,Win32,PEAR,56871,105542,105508
Mozilla,Netscape,"5.0 (Windows NT 10.0; Win64; x64) AppleWebKit/537.36 (KHTML, like Gecko) Chrome/107.0.0.0 Safari/537.36",Con_Nat,congruent,1,B,08-10-22,07-10-22,00:55:44,0,0,0,0,0,800,3.6.1,clam,241,,699,824,1536,24,864,24,0,0,1536,long,Win32,CLAM,56871,107074,107040
Mozilla,Netscape,"5.0 (Windows NT 10.0; Win64; x64) AppleWebKit/537.36 (KHTML, like Gecko) Chrome/107.0.0.0 Safari/537.36",Inc_Nat_Nat,incongruent,1,B,08-10-22,07-10-22,00:55:44,0,0,0,0,0,800,3.6.1,shark,241,,831,824,1536,24,864,24,0,0,1536,long,Win32,HILL,56871,108522,108489
Mozilla,Netscape,"5.0 (Windows NT 10.0; Win64; x64) AppleWebKit/537.36 (KHTML, like Gecko) Chrome/107.0.0.0 Safari/537.36",Con_Nat,congruent,1,B,08-10-22,07-10-22,00:55:44,0,0,0,0,0,800,3.6.1,boar,241,,757,824,1536,24,864,24,0,0,1536,long,Win32,BOAR,56871,110054,110021
Mozilla,Netscape,"5.0 (Windows NT 10.0; Win64; x64) AppleWebKit/537.36 (KHTML, like Gecko) Chrome/107.0.0.0 Safari/537.36",Con_Synth,congruent,1,B,08-10-22,07-10-22,00:55:44,0,0,0,0,0,800,3.6.1,scarf,241,,840,824,1536,24,864,24,0,0,1536,long,Win32,SCARF,56871,111519,111486
Mozilla,Netscape,"5.0 (Windows NT 10.0; Win64; x64) AppleWebKit/537.36 (KHTML, like Gecko) Chrome/107.0.0.0 Safari/537.36",Con_Nat,congruent,0,B,08-10-22,07-10-22,00:55:44,0,0,0,0,0,800,3.6.1,stone,241,,666,824,1536,24,864,24,0,0,1536,long,Win32,STONE,56871,113085,113051
Mozilla,Netscape,"5.0 (Windows NT 10.0; Win64; x64) AppleWebKit/537.36 (KHTML, like Gecko) Chrome/107.0.0.0 Safari/537.36",Con_Nat,congruent,1,B,08-10-22,07-10-22,00:55:44,0,0,0,0,0,800,3.6.1,wasp,241,,1066,824,1536,24,864,24,0,0,1536,long,Win32,WASP,56871,114483,114450
Mozilla,Netscape,"5.0 (Windows NT 10.0; Win64; x64) AppleWebKit/537.36 (KHTML, like Gecko) Chrome/107.0.0.0 Safari/537.36",Inc_Nat_Nat,incongruent,0,B,08-10-22,07-10-22,00:55:44,0,0,0,0,0,800,3.6.1,ocean,241,,699,824,1536,24,864,24,0,0,1536,long,Win32,TREE,56871,116282,116248
Mozilla,Netscape,"5.0 (Windows NT 10.0; Win64; x64) AppleWebKit/537.36 (KHTML, like Gecko) Chrome/107.0.0.0 Safari/537.36",Con_Synth,congruent,1,B,08-10-22,07-10-22,00:55:44,0,0,0,0,0,800,3.6.1,tongs,241,,1320,824,1536,24,864,24,0,0,1536,long,Win32,TONGS,56871,117730,117697
Mozilla,Netscape,"5.0 (Windows NT 10.0; Win64; x64) AppleWebKit/537.36 (KHTML, like Gecko) Chrome/107.0.0.0 Safari/537.36",Inc_Nat_Synth,incongruent,1,B,08-10-22,07-10-22,00:55:44,0,0,0,0,0,800,3.6.1,flood,241,,1041,824,1536,24,864,24,0,0,1536,long,Win32,SKIRT,56871,119762,119728
Mozilla,Netscape,"5.0 (Windows NT 10.0; Win64; x64) AppleWebKit/537.36 (KHTML, like Gecko) Chrome/107.0.0.0 Safari/537.36",Inc_Synth_Nat,incongruent,1,B,08-10-22,07-10-22,00:55:44,0,0,0,0,0,800,3.6.1,soap,241,,887,824,1536,24,864,24,0,0,1536,long,Win32,PONY,56871,121527,121493
Mozilla,Netscape,"5.0 (Windows NT 10.0; Win64; x64) AppleWebKit/537.36 (KHTML, like Gecko) Chrome/107.0.0.0 Safari/537.36",Con_Nat,congruent,1,B,08-10-22,07-10-22,00:55:44,0,0,0,0,0,800,3.6.1,slug,241,,1172,824,1536,24,864,24,0,0,1536,long,Win32,SLUG,56871,123142,123108
Mozilla,Netscape,"5.0 (Windows NT 10.0; Win64; x64) AppleWebKit/537.36 (KHTML, like Gecko) Chrome/107.0.0.0 Safari/537.36",Con_Nat,congruent,1,B,08-10-22,07-10-22,00:55:44,0,0,0,0,0,800,3.6.1,hare,241,,820,824,1536,24,864,24,0,0,1536,long,Win32,HARE,56871,125023,124990
Mozilla,Netscape,"5.0 (Windows NT 10.0; Win64; x64) AppleWebKit/537.36 (KHTML, like Gecko) Chrome/107.0.0.0 Safari/537.36",Con_Nat,congruent,1,B,08-10-22,07-10-22,00:55:44,0,0,0,0,0,800,3.6.1,swan,241,,625,824,1536,24,864,24,0,0,1536,long,Win32,SWAN,56871,126573,126539
Mozilla,Netscape,"5.0 (Windows NT 10.0; Win64; x64) AppleWebKit/537.36 (KHTML, like Gecko) Chrome/107.0.0.0 Safari/537.36",Inc_Nat_Synth,incongruent,1,B,08-10-22,07-10-22,00:55:44,0,0,0,0,0,800,3.6.1,eagle,241,,741,824,1536,24,864,24,0,0,1536,long,Win32,WAGON,56871,127921,127887
Mozilla,Netscape,"5.0 (Windows NT 10.0; Win64; x64) AppleWebKit/537.36 (KHTML, like Gecko) Chrome/107.0.0.0 Safari/537.36",Con_Synth,congruent,1,B,08-10-22,07-10-22,00:55:44,0,0,0,0,0,800,3.6.1,broom,241,,958,824,1536,24,864,24,0,0,1536,long,Win32,BROOM,56871,129386,129353
Mozilla,Netscape,"5.0 (Windows NT 10.0; Win64; x64) AppleWebKit/537.36 (KHTML, like Gecko) Chrome/107.0.0.0 Safari/537.36",Inc_Nat_Synth,incongruent,1,B,08-10-22,07-10-22,00:55:44,0,0,0,0,0,800,3.6.1,olive,241,,1075,824,1536,24,864,24,0,0,1536,long,Win32,MOTOR,56871,131068,131020
Mozilla,Netscape,"5.0 (Windows NT 10.0; Win64; x64) AppleWebKit/537.36 (KHTML, like Gecko) Chrome/107.0.0.0 Safari/537.36",Con_Nat,congruent,0,B,08-10-22,07-10-22,00:55:44,0,0,0,0,0,800,3.6.1,stick,241,,1102,824,1536,24,864,24,0,0,1536,long,Win32,STICK,56871,132883,132833
Mozilla,Netscape,"5.0 (Windows NT 10.0; Win64; x64) AppleWebKit/537.36 (KHTML, like Gecko) Chrome/107.0.0.0 Safari/537.36",Inc_Synth_Nat,incongruent,1,B,08-10-22,07-10-22,00:55:44,0,0,0,0,0,800,3.6.1,bowl,241,,762,824,1536,24,864,24,0,0,1536,long,Win32,WOLF,56871,134714,134681
Mozilla,Netscape,"5.0 (Windows NT 10.0; Win64; x64) AppleWebKit/537.36 (KHTML, like Gecko) Chrome/107.0.0.0 Safari/537.36",Inc_Synth_Synth,incongruent,0,B,08-10-22,07-10-22,00:55:44,0,0,0,0,0,800,3.6.1,bell,241,,935,824,1536,24,864,24,0,0,1536,long,Win32,WHEEL,56871,136180,136146
Mozilla,Netscape,"5.0 (Windows NT 10.0; Win64; x64) AppleWebKit/537.36 (KHTML, like Gecko) Chrome/107.0.0.0 Safari/537.36",Con_Synth,congruent,1,B,08-10-22,07-10-22,00:55:44,0,0,0,0,0,800,3.6.1,canoe,241,,811,824,1536,24,864,24,0,0,1536,long,Win32,CANOE,56871,137845,137811
Mozilla,Netscape,"5.0 (Windows NT 10.0; Win64; x64) AppleWebKit/537.36 (KHTML, like Gecko) Chrome/107.0.0.0 Safari/537.36",Inc_Synth_Synth,incongruent,0,B,08-10-22,07-10-22,00:55:44,0,0,0,0,0,800,3.6.1,roof,241,,906,824,1536,24,864,24,0,0,1536,long,Win32,PIANO,56871,139394,139344
Mozilla,Netscape,"5.0 (Windows NT 10.0; Win64; x64) AppleWebKit/537.36 (KHTML, like Gecko) Chrome/107.0.0.0 Safari/537.36",Con_Synth,congruent,1,B,08-10-22,07-10-22,00:55:44,0,0,0,0,0,800,3.6.1,canon,241,,833,824,1536,24,864,24,0,0,1536,long,Win32,CANON,56871,141025,140991
Mozilla,Netscape,"5.0 (Windows NT 10.0; Win64; x64) AppleWebKit/537.36 (KHTML, like Gecko) Chrome/107.0.0.0 Safari/537.36",Inc_Nat_Synth,incongruent,1,B,08-10-22,07-10-22,00:55:44,0,0,0,0,0,800,3.6.1,cloud,241,,678,824,1536,24,864,24,0,0,1536,long,Win32,MOTEL,56871,142574,142540
Mozilla,Netscape,"5.0 (Windows NT 10.0; Win64; x64) AppleWebKit/537.36 (KHTML, like Gecko) Chrome/107.0.0.0 Safari/537.36",Inc_Synth_Nat,incongruent,1,B,08-10-22,07-10-22,00:55:44,0,0,0,0,0,800,3.6.1,barn,241,,663,824,1536,24,864,24,0,0,1536,long,Win32,TUNA,56871,143972,143939
Mozilla,Netscape,"5.0 (Windows NT 10.0; Win64; x64) AppleWebKit/537.36 (KHTML, like Gecko) Chrome/107.0.0.0 Safari/537.36",Con_Nat,congruent,1,B,08-10-22,07-10-22,00:55:44,0,0,0,0,0,800,3.6.1,moss,241,,811,824,1536,24,864,24,0,0,1536,long,Win32,MOSS,56871,145354,145305
Mozilla,Netscape,"5.0 (Windows NT 10.0; Win64; x64) AppleWebKit/537.36 (KHTML, like Gecko) Chrome/107.0.0.0 Safari/537.36",Con_Nat,congruent,1,B,08-10-22,07-10-22,00:55:44,0,0,0,0,0,800,3.6.1,reef,241,,1068,824,1536,24,864,24,0,0,1536,long,Win32,REEF,56871,146886,146853
Mozilla,Netscape,"5.0 (Windows NT 10.0; Win64; x64) AppleWebKit/537.36 (KHTML, like Gecko) Chrome/107.0.0.0 Safari/537.36",Inc_Synth_Synth,incongruent,0,B,08-10-22,07-10-22,00:55:44,0,0,0,0,0,800,3.6.1,shoe,241,,736,824,1536,24,864,24,0,0,1536,long,Win32,COUCH,56871,148668,148634
Mozilla,Netscape,"5.0 (Windows NT 10.0; Win64; x64) AppleWebKit/537.36 (KHTML, like Gecko) Chrome/107.0.0.0 Safari/537.36",Inc_Nat_Nat,incongruent,0,B,08-10-22,07-10-22,00:55:44,0,0,0,0,0,800,3.6.1,shell,241,,928,824,1536,24,864,24,0,0,1536,long,Win32,DIRT,56871,150133,150100
Mozilla,Netscape,"5.0 (Windows NT 10.0; Win64; x64) AppleWebKit/537.36 (KHTML, like Gecko) Chrome/107.0.0.0 Safari/537.36",Inc_Synth_Nat,incongruent,1,B,08-10-22,07-10-22,00:55:44,0,0,0,0,0,800,3.6.1,sink,241,,698,824,1536,24,864,24,0,0,1536,long,Win32,LAMB,56871,151798,151753
Mozilla,Netscape,"5.0 (Windows NT 10.0; Win64; x64) AppleWebKit/537.36 (KHTML, like Gecko) Chrome/107.0.0.0 Safari/537.36",Inc_Synth_Synth,incongruent,0,B,08-10-22,07-10-22,00:55:44,0,0,0,0,0,800,3.6.1,desk,241,,805,824,1536,24,864,24,0,0,1536,long,Win32,CANDY,56871,153197,153163
Mozilla,Netscape,"5.0 (Windows NT 10.0; Win64; x64) AppleWebKit/537.36 (KHTML, like Gecko) Chrome/107.0.0.0 Safari/537.36",Inc_Synth_Nat,incongruent,1,B,08-10-22,07-10-22,00:55:44,0,0,0,0,0,800,3.6.1,harp,241,,650,824,1536,24,864,24,0,0,1536,short,Win32,SNAIL,157227,157293,157260
Mozilla,Netscape,"5.0 (Windows NT 10.0; Win64; x64) AppleWebKit/537.36 (KHTML, like Gecko) Chrome/107.0.0.0 Safari/537.36",Inc_Nat_Synth,incongruent,1,B,08-10-22,07-10-22,00:55:44,0,0,0,0,0,800,3.6.1,peach,241,,1056,824,1536,24,864,24,0,0,1536,short,Win32,SHED,158559,158659,158609
Mozilla,Netscape,"5.0 (Windows NT 10.0; Win64; x64) AppleWebKit/537.36 (KHTML, like Gecko) Chrome/107.0.0.0 Safari/537.36",Con_Synth,congruent,1,B,08-10-22,07-10-22,00:55:44,0,0,0,0,0,800,3.6.1,tank,241,,1597,824,1536,24,864,24,0,0,1536,short,Win32,TANK,160324,160407,160373
Mozilla,Netscape,"5.0 (Windows NT 10.0; Win64; x64) AppleWebKit/537.36 (KHTML, like Gecko) Chrome/107.0.0.0 Safari/537.36",Inc_Nat_Synth,incongruent,1,B,08-10-22,07-10-22,00:55:44,0,0,0,0,0,800,3.6.1,toad,241,,1276,824,1536,24,864,24,0,0,1536,short,Win32,GLOVE,162588,162655,162622
Mozilla,Netscape,"5.0 (Windows NT 10.0; Win64; x64) AppleWebKit/537.36 (KHTML, like Gecko) Chrome/107.0.0.0 Safari/537.36",Con_Nat,congruent,1,B,08-10-22,07-10-22,00:55:44,0,0,0,0,0,800,3.6.1,hawk,241,,721,824,1536,24,864,24,0,0,1536,short,Win32,HAWK,164537,164620,164586
Mozilla,Netscape,"5.0 (Windows NT 10.0; Win64; x64) AppleWebKit/537.36 (KHTML, like Gecko) Chrome/107.0.0.0 Safari/537.36",Inc_Synth_Nat,incongruent,1,B,08-10-22,07-10-22,00:55:44,0,0,0,0,0,800,3.6.1,rake,241,,794,824,1536,24,864,24,0,0,1536,short,Win32,HUSKY,165952,166035,166002
Mozilla,Netscape,"5.0 (Windows NT 10.0; Win64; x64) AppleWebKit/537.36 (KHTML, like Gecko) Chrome/107.0.0.0 Safari/537.36",Con_Nat,congruent,1,B,08-10-22,07-10-22,00:55:44,0,0,0,0,0,800,3.6.1,soil,241,,648,824,1536,24,864,24,0,0,1536,short,Win32,SOIL,167433,167517,167468
Mozilla,Netscape,"5.0 (Windows NT 10.0; Win64; x64) AppleWebKit/537.36 (KHTML, like Gecko) Chrome/107.0.0.0 Safari/537.36",Con_Nat,congruent,1,B,08-10-22,07-10-22,00:55:44,0,0,0,0,0,800,3.6.1,deer,241,,561,824,1536,24,864,24,0,0,1536,short,Win32,DEER,168758,168832,168799
Mozilla,Netscape,"5.0 (Windows NT 10.0; Win64; x64) AppleWebKit/537.36 (KHTML, like Gecko) Chrome/107.0.0.0 Safari/537.36",Con_Synth,congruent,1,B,08-10-22,07-10-22,00:55:44,0,0,0,0,0,800,3.6.1,toast,241,,719,824,1536,24,864,24,0,0,1536,short,Win32,TOAST,169981,170065,170015
Mozilla,Netscape,"5.0 (Windows NT 10.0; Win64; x64) AppleWebKit/537.36 (KHTML, like Gecko) Chrome/107.0.0.0 Safari/537.36",Inc_Synth_Synth,incongruent,0,B,08-10-22,07-10-22,00:55:44,0,0,0,0,0,800,3.6.1,kiosk,241,,804,824,1536,24,864,24,0,0,1536,short,Win32,SOFA,171414,171497,171463
Mozilla,Netscape,"5.0 (Windows NT 10.0; Win64; x64) AppleWebKit/537.36 (KHTML, like Gecko) Chrome/107.0.0.0 Safari/537.36",Inc_Nat_Synth,incongruent,1,B,08-10-22,07-10-22,00:55:44,0,0,0,0,0,800,3.6.1,leaf,241,,617,824,1536,24,864,24,0,0,1536,short,Win32,COIN,172912,172995,172962
Mozilla,Netscape,"5.0 (Windows NT 10.0; Win64; x64) AppleWebKit/537.36 (KHTML, like Gecko) Chrome/107.0.0.0 Safari/537.36",Inc_Synth_Nat,incongruent,1,B,08-10-22,07-10-22,00:55:44,0,0,0,0,0,800,3.6.1,torch,241,,1111,824,1536,24,864,24,0,0,1536,short,Win32,CHIMP,174227,174294,174261
Mozilla,Netscape,"5.0 (Windows NT 10.0; Win64; x64) AppleWebKit/537.36 (KHTML, like Gecko) Chrome/107.0.0.0 Safari/537.36",Con_Nat,congruent,1,B,08-10-22,07-10-22,00:55:44,0,0,0,0,0,800,3.6.1,seed,241,,731,824,1536,24,864,24,0,0,1536,short,Win32,SEED,175993,176075,176042
Mozilla,Netscape,"5.0 (Windows NT 10.0; Win64; x64) AppleWebKit/537.36 (KHTML, like Gecko) Chrome/107.0.0.0 Safari/537.36",Nat_Nat_Synth,incongruent,0,B,08-10-22,07-10-22,00:55:44,0,0,0,0,0,800,3.6.1,finch,241,,745,824,1536,24,864,24,0,0,1536,short,Win32,SLOTH,177408,177474,177441
Mozilla,Netscape,"5.0 (Windows NT 10.0; Win64; x64) AppleWebKit/537.36 (KHTML, like Gecko) Chrome/107.0.0.0 Safari/537.36",Inc_Nat_Synth,incongruent,1,B,08-10-22,07-10-22,00:55:44,0,0,0,0,0,800,3.6.1,water,241,,806,824,1536,24,864,24,0,0,1536,short,Win32,MEDAL,178806,178890,178840
Mozilla,Netscape,"5.0 (Windows NT 10.0; Win64; x64) AppleWebKit/537.36 (KHTML, like Gecko) Chrome/107.0.0.0 Safari/537.36",Con_Nat,congruent,1,B,08-10-22,07-10-22,00:55:44,0,0,0,0,0,800,3.6.1,puppy,241,,689,824,1536,24,864,24,0,0,1536,short,Win32,PUPPY,180322,180405,180372
Mozilla,Netscape,"5.0 (Windows NT 10.0; Win64; x64) AppleWebKit/537.36 (KHTML, like Gecko) Chrome/107.0.0.0 Safari/537.36",Inc_Nat_Synth,incongruent,1,B,08-10-22,07-10-22,00:55:44,0,0,0,0,0,800,3.6.1,melon,241,,1347,824,1536,24,864,24,0,0,1536,short,Win32,HOSE,181704,181770,181737
Mozilla,Netscape,"5.0 (Windows NT 10.0; Win64; x64) AppleWebKit/537.36 (KHTML, like Gecko) Chrome/107.0.0.0 Safari/537.36",Con_Nat,congruent,1,B,08-10-22,07-10-22,00:55:44,0,0,0,0,0,800,3.6.1,whale,241,,810,824,1536,24,864,24,0,0,1536,short,Win32,WHALE,183702,183769,183735
Mozilla,Netscape,"5.0 (Windows NT 10.0; Win64; x64) AppleWebKit/537.36 (KHTML, like Gecko) Chrome/107.0.0.0 Safari/537.36",Inc_Nat_Nat,incongruent,0,B,08-10-22,07-10-22,00:55:44,0,0,0,0,0,800,3.6.1,grape,241,,776,824,1536,24,864,24,0,0,1536,short,Win32,LLAMA,185183,185271,185218
Mozilla,Netscape,"5.0 (Windows NT 10.0; Win64; x64) AppleWebKit/537.36 (KHTML, like Gecko) Chrome/107.0.0.0 Safari/537.36",Con_Synth,congruent,1,B,08-10-22,07-10-22,00:55:44,0,0,0,0,0,800,3.6.1,bike,241,,617,824,1536,24,864,24,0,0,1536,short,Win32,BIKE,186665,186732,186699
Mozilla,Netscape,"5.0 (Windows NT 10.0; Win64; x64) AppleWebKit/537.36 (KHTML, like Gecko) Chrome/107.0.0.0 Safari/537.36",Con_Nat,congruent,1,B,08-10-22,07-10-22,00:55:44,0,0,0,0,0,800,3.6.1,grass,241,,838,824,1536,24,864,24,0,0,1536,short,Win32,GRASS,187948,188031,187982
Mozilla,Netscape,"5.0 (Windows NT 10.0; Win64; x64) AppleWebKit/537.36 (KHTML, like Gecko) Chrome/107.0.0.0 Safari/537.36",Inc_Synth_Synth,incongruent,0,B,08-10-22,07-10-22,00:55:44,0,0,0,0,0,800,3.6.1,patio,241,,1294,824,1536,24,864,24,0,0,1536,short,Win32,SPOON,189463,189530,189496
Mozilla,Netscape,"5.0 (Windows NT 10.0; Win64; x64) AppleWebKit/537.36 (KHTML, like Gecko) Chrome/107.0.0.0 Safari/537.36",Con_Synth,congruent,1,B,08-10-22,07-10-22,00:55:44,0,0,0,0,0,800,3.6.1,drug,241,,687,824,1536,24,864,24,0,0,1536,short,Win32,DRUG,191411,191494,191445
Mozilla,Netscape,"5.0 (Windows NT 10.0; Win64; x64) AppleWebKit/537.36 (KHTML, like Gecko) Chrome/107.0.0.0 Safari/537.36",Inc_Nat_Nat,incongruent,0,B,08-10-22,07-10-22,00:55:44,0,0,0,0,0,800,3.6.1,berry,241,,821,824,1536,24,864,24,0,0,1536,short,Win32,OTTER,192777,192860,192827
Mozilla,Netscape,"5.0 (Windows NT 10.0; Win64; x64) AppleWebKit/537.36 (KHTML, like Gecko) Chrome/107.0.0.0 Safari/537.36",Inc_Synth_Nat,incongruent,1,B,08-10-22,07-10-22,00:55:44,0,0,0,0,0,800,3.6.1,rail,241,,802,824,1536,24,864,24,0,0,1536,short,Win32,SQUID,194275,194342,194308
Mozilla,Netscape,"5.0 (Windows NT 10.0; Win64; x64) AppleWebKit/537.36 (KHTML, like Gecko) Chrome/107.0.0.0 Safari/537.36",Inc_Synth_Synth,incongruent,0,B,08-10-22,07-10-22,00:55:44,0,0,0,0,0,800,3.6.1,sash,241,,1493,824,1536,24,864,24,0,0,1536,short,Win32,CLOTH,195757,195840,195791
Mozilla,Netscape,"5.0 (Windows NT 10.0; Win64; x64) AppleWebKit/537.36 (KHTML, like Gecko) Chrome/107.0.0.0 Safari/537.36",Inc_Nat_Nat,incongruent,0,B,08-10-22,07-10-22,00:55:44,0,0,0,0,0,800,3.6.1,cobra,241,,1218,824,1536,24,864,24,0,0,1536,short,Win32,TWIG,197938,198005,197972
Mozilla,Netscape,"5.0 (Windows NT 10.0; Win64; x64) AppleWebKit/537.36 (KHTML, like Gecko) Chrome/107.0.0.0 Safari/537.36",Con_Synth,congruent,1,B,08-10-22,07-10-22,00:55:44,0,0,0,0,0,800,3.6.1,belt,241,,1021,824,1536,24,864,24,0,0,1536,short,Win32,BELT,199837,199903,199870
Mozilla,Netscape,"5.0 (Windows NT 10.0; Win64; x64) AppleWebKit/537.36 (KHTML, like Gecko) Chrome/107.0.0.0 Safari/537.36",Inc_Nat_Nat,incongruent,0,B,08-10-22,07-10-22,00:55:44,0,0,0,0,0,800,3.6.1,fern,241,,1363,824,1536,24,864,24,0,0,1536,short,Win32,PETAL,201535,201618,201569
Mozilla,Netscape,"5.0 (Windows NT 10.0; Win64; x64) AppleWebKit/537.36 (KHTML, like Gecko) Chrome/107.0.0.0 Safari/537.36",Con_Nat,congruent,1,B,08-10-22,07-10-22,00:55:44,0,0,0,0,0,800,3.6.1,frog,241,,886,824,1536,24,864,24,0,0,1536,short,Win32,FROG,203583,203667,203617
Mozilla,Netscape,"5.0 (Windows NT 10.0; Win64; x64) AppleWebKit/537.36 (KHTML, like Gecko) Chrome/107.0.0.0 Safari/537.36",Inc_Nat_Synth,incongruent,1,B,08-10-22,07-10-22,00:55:44,0,0,0,0,0,800,3.6.1,crow,241,,933,824,1536,24,864,24,0,0,1536,short,Win32,YACHT,205165,205248,205199
Mozilla,Netscape,"5.0 (Windows NT 10.0; Win64; x64) AppleWebKit/537.36 (KHTML, like Gecko) Chrome/107.0.0.0 Safari/537.36",Con_Nat,congruent,1,B,08-10-22,07-10-22,00:55:44,0,0,0,0,0,800,3.6.1,creek,241,,1481,824,1536,24,864,24,0,0,1536,short,Win32,CREEK,206780,206847,206813
Mozilla,Netscape,"5.0 (Windows NT 10.0; Win64; x64) AppleWebKit/537.36 (KHTML, like Gecko) Chrome/107.0.0.0 Safari/537.36",Con_Nat,congruent,1,B,08-10-22,07-10-22,00:55:44,0,0,0,0,0,800,3.6.1,goose,241,,1291,824,1536,24,864,24,0,0,1536,short,Win32,GOOSE,208911,208978,208945
Mozilla,Netscape,"5.0 (Windows NT 10.0; Win64; x64) AppleWebKit/537.36 (KHTML, like Gecko) Chrome/107.0.0.0 Safari/537.36",Con_Nat,congruent,1,B,08-10-22,07-10-22,00:55:44,0,0,0,0,0,800,3.6.1,corn,241,,917,824,1536,24,864,24,0,0,1536,short,Win32,CORN,210860,210926,210893
Mozilla,Netscape,"5.0 (Windows NT 10.0; Win64; x64) AppleWebKit/537.36 (KHTML, like Gecko) Chrome/107.0.0.0 Safari/537.36",Con_Synth,congruent,1,B,08-10-22,07-10-22,00:55:44,0,0,0,0,0,800,3.6.1,tower,241,,711,824,1536,24,864,24,0,0,1536,short,Win32,TOWER,212458,212525,212492
Mozilla,Netscape,"5.0 (Windows NT 10.0; Win64; x64) AppleWebKit/537.36 (KHTML, like Gecko) Chrome/107.0.0.0 Safari/537.36",Con_Synth,congruent,1,B,08-10-22,07-10-22,00:55:44,0,0,0,0,0,800,3.6.1,rope,241,,1234,824,1536,24,864,24,0,0,1536,short,Win32,ROPE,213824,213907,213873
Mozilla,Netscape,"5.0 (Windows NT 10.0; Win64; x64) AppleWebKit/537.36 (KHTML, like Gecko) Chrome/107.0.0.0 Safari/537.36",Inc_Nat_Nat,incongruent,0,B,08-10-22,07-10-22,00:55:44,0,0,0,0,0,800,3.6.1,poppy,241,,849,824,1536,24,864,24,0,0,1536,short,Win32,DINGO,215755,215822,215788
Mozilla,Netscape,"5.0 (Windows NT 10.0; Win64; x64) AppleWebKit/537.36 (KHTML, like Gecko) Chrome/107.0.0.0 Safari/537.36",Inc_Nat_Nat,incongruent,1,B,08-10-22,07-10-22,00:55:44,0,0,0,0,0,800,3.6.1,lime,241,,1198,824,1536,24,864,24,0,0,1536,short,Win32,GULLY,217294,217370,217337
Mozilla,Netscape,"5.0 (Windows NT 10.0; Win64; x64) AppleWebKit/537.36 (KHTML, like Gecko) Chrome/107.0.0.0 Safari/537.36",Con_Nat,congruent,1,B,08-10-22,07-10-22,00:55:44,0,0,0,0,0,800,3.6.1,tiger,241,,758,824,1536,24,864,24,0,0,1536,short,Win32,TIGER,219152,219218,219185
Mozilla,Netscape,"5.0 (Windows NT 10.0; Win64; x64) AppleWebKit/537.36 (KHTML, like Gecko) Chrome/107.0.0.0 Safari/537.36",Inc_Synth_Nat,incongruent,1,B,08-10-22,07-10-22,00:55:44,0,0,0,0,0,800,3.6.1,arena,241,,1343,824,1536,24,864,24,0,0,1536,short,Win32,VINE,220584,220667,220618
Mozilla,Netscape,"5.0 (Windows NT 10.0; Win64; x64) AppleWebKit/537.36 (KHTML, like Gecko) Chrome/107.0.0.0 Safari/537.36",Inc_Nat_Synth,incongruent,1,B,08-10-22,07-10-22,00:55:44,0,0,0,0,0,800,3.6.1,camel,241,,1805,824,1536,24,864,24,0,0,1536,short,Win32,BENCH,222599,222665,222632
Mozilla,Netscape,"5.0 (Windows NT 10.0; Win64; x64) AppleWebKit/537.36 (KHTML, like Gecko) Chrome/107.0.0.0 Safari/537.36",Con_Synth,congruent,0,B,08-10-22,07-10-22,00:55:44,0,0,0,0,0,800,3.6.1,doll,241,,657,824,1536,24,864,24,0,0,1536,short,Win32,DOLL,225063,225130,225096
Mozilla,Netscape,"5.0 (Windows NT 10.0; Win64; x64) AppleWebKit/537.36 (KHTML, like Gecko) Chrome/107.0.0.0 Safari/537.36",Con_Synth,congruent,1,B,08-10-22,07-10-22,00:55:44,0,0,0,0,0,800,3.6.1,coat,241,,1205,824,1536,24,864,24,0,0,1536,short,Win32,COAT,226395,226463,226428
Mozilla,Netscape,"5.0 (Windows NT 10.0; Win64; x64) AppleWebKit/537.36 (KHTML, like Gecko) Chrome/107.0.0.0 Safari/537.36",Inc_Synth_Nat,incongruent,1,B,08-10-22,07-10-22,00:55:44,0,0,0,0,0,800,3.6.1,spear,241,,682,824,1536,24,864,24,0,0,1536,short,Win32,MOTH,228277,228360,228327
Mozilla,Netscape,"5.0 (Windows NT 10.0; Win64; x64) AppleWebKit/537.36 (KHTML, like Gecko) Chrome/107.0.0.0 Safari/537.36",Con_Synth,congruent,1,B,08-10-22,07-10-22,00:55:44,0,0,0,0,0,800,3.6.1,mail,241,,951,824,1536,24,864,24,0,0,1536,short,Win32,MAIL,229642,229709,229675
Mozilla,Netscape,"5.0 (Windows NT 10.0; Win64; x64) AppleWebKit/537.36 (KHTML, like Gecko) Chrome/107.0.0.0 Safari/537.36",Con_Synth,congruent,1,B,08-10-22,07-10-22,00:55:44,0,0,0,0,0,800,3.6.1,gate,241,,760,824,1536,24,864,24,0,0,1536,short,Win32,GATE,231274,231341,231307
Mozilla,Netscape,"5.0 (Windows NT 10.0; Win64; x64) AppleWebKit/537.36 (KHTML, like Gecko) Chrome/107.0.0.0 Safari/537.36",Inc_Synth_Synth,incongruent,0,B,08-10-22,07-10-22,00:55:44,0,0,0,0,0,800,3.6.1,spade,241,,1156,824,1536,24,864,24,0,0,1536,short,Win32,SHELF,232722,232790,232756
Mozilla,Netscape,"5.0 (Windows NT 10.0; Win64; x64) AppleWebKit/537.36 (KHTML, like Gecko) Chrome/107.0.0.0 Safari/537.36",Inc_Synth_Synth,incongruent,0,B,08-10-22,07-10-22,00:55:44,0,0,0,0,0,800,3.6.1,silo,241,,925,824,1536,24,864,24,0,0,1536,short,Win32,PLAZA,234554,234638,234588
Mozilla,Netscape,"5.0 (Windows NT 10.0; Win64; x64) AppleWebKit/537.36 (KHTML, like Gecko) Chrome/107.0.0.0 Safari/537.36",Con_Nat,congruent,0,B,08-10-22,07-10-22,00:55:44,0,0,0,0,0,800,3.6.1,cave,241,,1639,824,1536,24,864,24,0,0,1536,short,Win32,CAVE,236169,236253,236203
Mozilla,Netscape,"5.0 (Windows NT 10.0; Win64; x64) AppleWebKit/537.36 (KHTML, like Gecko) Chrome/107.0.0.0 Safari/537.36",Inc_Synth_Nat,incongruent,1,B,08-10-22,07-10-22,00:55:44,0,0,0,0,0,800,3.6.1,sewer,241,,843,824,1536,24,864,24,0,0,1536,short,Win32,CORAL,238507,238584,238550
Mozilla,Netscape,"5.0 (Windows NT 10.0; Win64; x64) AppleWebKit/537.36 (KHTML, like Gecko) Chrome/107.0.0.0 Safari/537.36",Inc_Synth_Nat,incongruent,0,B,08-10-22,07-10-22,00:55:44,0,0,0,0,0,800,3.6.1,ruler,241,,954,824,1536,24,864,24,0,0,1536,short,Win32,PANSY,240032,240099,240066
Mozilla,Netscape,"5.0 (Windows NT 10.0; Win64; x64) AppleWebKit/537.36 (KHTML, like Gecko) Chrome/107.0.0.0 Safari/537.36",Con_Synth,congruent,1,B,08-10-22,07-10-22,00:55:44,0,0,0,0,0,800,3.6.1,paint,241,,806,824,1536,24,864,24,0,0,1536,short,Win32,PAINT,241648,241731,241697
Mozilla,Netscape,"5.0 (Windows NT 10.0; Win64; x64) AppleWebKit/537.36 (KHTML, like Gecko) Chrome/107.0.0.0 Safari/537.36",Con_Synth,congruent,1,B,08-10-22,07-10-22,00:55:44,0,0,0,0,0,800,3.6.1,sword,241,,693,824,1536,24,864,24,0,0,1536,short,Win32,SWORD,243146,243229,243187
Mozilla,Netscape,"5.0 (Windows NT 10.0; Win64; x64) AppleWebKit/537.36 (KHTML, like Gecko) Chrome/107.0.0.0 Safari/537.36",Con_Synth,congruent,0,B,08-10-22,07-10-22,00:55:44,0,0,0,0,0,800,3.6.1,bread,241,,670,824,1536,24,864,24,0,0,1536,short,Win32,BREAD,244528,244611,244562
Mozilla,Netscape,"5.0 (Windows NT 10.0; Win64; x64) AppleWebKit/537.36 (KHTML, like Gecko) Chrome/107.0.0.0 Safari/537.36",Inc_Nat_Synth,incongruent,1,B,08-10-22,07-10-22,00:55:44,0,0,0,0,0,800,3.6.1,mice,241,,952,824,1536,24,864,24,0,0,1536,short,Win32,TOOLS,245893,245960,245927
Mozilla,Netscape,"5.0 (Windows NT 10.0; Win64; x64) AppleWebKit/537.36 (KHTML, like Gecko) Chrome/107.0.0.0 Safari/537.36",Con_Synth,congruent,1,B,08-10-22,07-10-22,00:55:44,0,0,0,0,0,800,3.6.1,cable,241,,687,824,1536,24,864,24,0,0,1536,short,Win32,CABLE,247525,247592,247559
Mozilla,Netscape,"5.0 (Windows NT 10.0; Win64; x64) AppleWebKit/537.36 (KHTML, like Gecko) Chrome/107.0.0.0 Safari/537.36",Inc_Synth_Synth,incongruent,0,B,08-10-22,07-10-22,00:55:44,0,0,0,0,0,800,3.6.1,ladle,241,,1740,824,1536,24,864,24,0,0,1536,short,Win32,CAFÉ,248891,248957,248924
Mozilla,Netscape,"5.0 (Windows NT 10.0; Win64; x64) AppleWebKit/537.36 (KHTML, like Gecko) Chrome/107.0.0.0 Safari/537.36",Con_Nat,congruent,1,B,08-10-22,07-10-22,00:55:44,0,0,0,0,0,800,3.6.1,worm,241,,1552,824,1536,24,864,24,0,0,1536,short,Win32,WORM,251305,251388,251339
Mozilla,Netscape,"5.0 (Windows NT 10.0; Win64; x64) AppleWebKit/537.36 (KHTML, like Gecko) Chrome/107.0.0.0 Safari/537.36",Inc_Synth_Synth,incongruent,0,B,08-10-22,07-10-22,00:55:44,0,0,0,0,0,800,3.6.1,wharf,241,,707,824,1536,24,864,24,0,0,1536,short,Win32,RAZOR,253536,253620,253570
Mozilla,Netscape,"5.0 (Windows NT 10.0; Win64; x64) AppleWebKit/537.36 (KHTML, like Gecko) Chrome/107.0.0.0 Safari/537.36",Con_Nat,congruent,1,B,08-10-22,07-10-22,00:55:44,0,0,0,0,0,800,3.6.1,daisy,241,,1152,824,1536,24,864,24,0,0,1536,short,Win32,DAISY,254919,255002,254968
Mozilla,Netscape,"5.0 (Macintosh; Intel Mac OS X 10_15_7) AppleWebKit/605.1.15 (KHTML, like Gecko) Version/16.1 Safari/605.1.15",practice,practice,1,None,07-10-22,07-10-22,07:59:18,0,0,0,0,0,798,3.6.1,abjdhjs,241,,1184,817,1440,24,900,24,0,25,1440,practice,MacIntel,HORSE,54294,54393,54343
Mozilla,Netscape,"5.0 (Macintosh; Intel Mac OS X 10_15_7) AppleWebKit/605.1.15 (KHTML, like Gecko) Version/16.1 Safari/605.1.15",practice,practice,1,None,07-10-22,07-10-22,07:59:18,0,0,0,0,0,798,3.6.1,snjghf,241,,731,817,1440,24,900,24,0,25,1440,practice,MacIntel,SHEEP,56210,56309,56260
Mozilla,Netscape,"5.0 (Macintosh; Intel Mac OS X 10_15_7) AppleWebKit/605.1.15 (KHTML, like Gecko) Version/16.1 Safari/605.1.15",practice,practice,1,None,07-10-22,07-10-22,07:59:18,0,0,0,0,0,798,3.6.1,iweonf,241,,678,817,1440,24,900,24,0,25,1440,practice,MacIntel,BOAT,57677,57776,57727
Mozilla,Netscape,"5.0 (Macintosh; Intel Mac OS X 10_15_7) AppleWebKit/605.1.15 (KHTML, like Gecko) Version/16.1 Safari/605.1.15",practice,practice,1,None,07-10-22,07-10-22,07:59:18,0,0,0,0,0,798,3.6.1,nvoiuh,241,,644,817,1440,24,900,24,0,25,1440,practice,MacIntel,HOUSE,59078,59177,59127
Mozilla,Netscape,"5.0 (Macintosh; Intel Mac OS X 10_15_7) AppleWebKit/605.1.15 (KHTML, like Gecko) Version/16.1 Safari/605.1.15",Inc_Synth_Synth,incongruent,0,B,07-10-22,07-10-22,07:59:18,0,0,0,0,0,798,3.6.1,deck,241,,1212,817,1440,24,900,24,0,25,1440,long,MacIntel,PLATE,59078,62910,62861
Mozilla,Netscape,"5.0 (Macintosh; Intel Mac OS X 10_15_7) AppleWebKit/605.1.15 (KHTML, like Gecko) Version/16.1 Safari/605.1.15",Inc_Synth_Nat,incongruent,1,B,07-10-22,07-10-22,07:59:18,0,0,0,0,0,798,3.6.1,fort,241,,821,817,1440,24,900,24,0,25,1440,long,MacIntel,GOAT,59078,64876,64827
Mozilla,Netscape,"5.0 (Macintosh; Intel Mac OS X 10_15_7) AppleWebKit/605.1.15 (KHTML, like Gecko) Version/16.1 Safari/605.1.15",Con_Nat,congruent,1,B,07-10-22,07-10-22,07:59:18,0,0,0,0,0,798,3.6.1,swan,241,,844,817,1440,24,900,24,0,25,1440,long,MacIntel,SWAN,59078,66460,66410
Mozilla,Netscape,"5.0 (Macintosh; Intel Mac OS X 10_15_7) AppleWebKit/605.1.15 (KHTML, like Gecko) Version/16.1 Safari/605.1.15",Con_Synth,congruent,1,B,07-10-22,07-10-22,07:59:18,0,0,0,0,0,798,3.6.1,flute,241,,770,817,1440,24,900,24,0,25,1440,long,MacIntel,FLUTE,59078,68061,68011
Mozilla,Netscape,"5.0 (Macintosh; Intel Mac OS X 10_15_7) AppleWebKit/605.1.15 (KHTML, like Gecko) Version/16.1 Safari/605.1.15",Inc_Nat_Nat,incongruent,0,B,07-10-22,07-10-22,07:59:18,0,0,0,0,0,798,3.6.1,storm,241,,795,817,1440,24,900,24,0,25,1440,long,MacIntel,LAND,59078,69593,69545
Mozilla,Netscape,"5.0 (Macintosh; Intel Mac OS X 10_15_7) AppleWebKit/605.1.15 (KHTML, like Gecko) Version/16.1 Safari/605.1.15",Con_Synth,congruent,1,B,07-10-22,07-10-22,07:59:18,0,0,0,0,0,798,3.6.1,stove,241,,640,817,1440,24,900,24,0,25,1440,long,MacIntel,STOVE,59078,71144,71094
Mozilla,Netscape,"5.0 (Macintosh; Intel Mac OS X 10_15_7) AppleWebKit/605.1.15 (KHTML, like Gecko) Version/16.1 Safari/605.1.15",Con_Nat,congruent,1,B,07-10-22,07-10-22,07:59:18,0,0,0,0,0,798,3.6.1,hare,241,,729,817,1440,24,900,24,0,25,1440,long,MacIntel,HARE,59078,72544,72494
Mozilla,Netscape,"5.0 (Macintosh; Intel Mac OS X 10_15_7) AppleWebKit/605.1.15 (KHTML, like Gecko) Version/16.1 Safari/605.1.15",Con_Nat,congruent,1,B,07-10-22,07-10-22,07:59:18,0,0,0,0,0,798,3.6.1,clam,241,,696,817,1440,24,900,24,0,25,1440,long,MacIntel,CLAM,59078,74027,73977
Mozilla,Netscape,"5.0 (Macintosh; Intel Mac OS X 10_15_7) AppleWebKit/605.1.15 (KHTML, like Gecko) Version/16.1 Safari/605.1.15",Inc_Synth_Nat,incongruent,1,B,07-10-22,07-10-22,07:59:18,0,0,0,0,0,798,3.6.1,bowl,241,,729,817,1440,24,900,24,0,25,1440,long,MacIntel,WOLF,59078,75478,75427
Mozilla,Netscape,"5.0 (Macintosh; Intel Mac OS X 10_15_7) AppleWebKit/605.1.15 (KHTML, like Gecko) Version/16.1 Safari/605.1.15",Con_Synth,congruent,1,B,07-10-22,07-10-22,07:59:18,0,0,0,0,0,798,3.6.1,scarf,241,,843,817,1440,24,900,24,0,25,1440,long,MacIntel,SCARF,59078,76959,76911
Mozilla,Netscape,"5.0 (Macintosh; Intel Mac OS X 10_15_7) AppleWebKit/605.1.15 (KHTML, like Gecko) Version/16.1 Safari/605.1.15",Inc_Synth_Synth,incongruent,0,B,07-10-22,07-10-22,07:59:18,0,0,0,0,0,798,3.6.1,roof,241,,1277,817,1440,24,900,24,0,25,1440,long,MacIntel,PIANO,59078,78561,78510
Mozilla,Netscape,"5.0 (Macintosh; Intel Mac OS X 10_15_7) AppleWebKit/605.1.15 (KHTML, like Gecko) Version/16.1 Safari/605.1.15",Con_Nat,congruent,1,B,07-10-22,07-10-22,07:59:18,0,0,0,0,0,798,3.6.1,slug,241,,671,817,1440,24,900,24,0,25,1440,long,MacIntel,SLUG,59078,80593,80544
Mozilla,Netscape,"5.0 (Macintosh; Intel Mac OS X 10_15_7) AppleWebKit/605.1.15 (KHTML, like Gecko) Version/16.1 Safari/605.1.15",Con_Nat,congruent,1,B,07-10-22,07-10-22,07:59:18,0,0,0,0,0,798,3.6.1,earth,241,,1016,817,1440,24,900,24,0,25,1440,long,MacIntel,EARTH,59078,82027,81977
Mozilla,Netscape,"5.0 (Macintosh; Intel Mac OS X 10_15_7) AppleWebKit/605.1.15 (KHTML, like Gecko) Version/16.1 Safari/605.1.15",Con_Synth,congruent,1,B,07-10-22,07-10-22,07:59:18,0,0,0,0,0,798,3.6.1,canon,241,,812,817,1440,24,900,24,0,25,1440,long,MacIntel,CANON,59078,83810,83761
Mozilla,Netscape,"5.0 (Macintosh; Intel Mac OS X 10_15_7) AppleWebKit/605.1.15 (KHTML, like Gecko) Version/16.1 Safari/605.1.15",Con_Synth,congruent,1,B,07-10-22,07-10-22,07:59:18,0,0,0,0,0,798,3.6.1,flask,241,,754,817,1440,24,900,24,0,25,1440,long,MacIntel,FLASK,59078,85377,85327
Mozilla,Netscape,"5.0 (Macintosh; Intel Mac OS X 10_15_7) AppleWebKit/605.1.15 (KHTML, like Gecko) Version/16.1 Safari/605.1.15",Con_Synth,congruent,1,B,07-10-22,07-10-22,07:59:18,0,0,0,0,0,798,3.6.1,tongs,241,,749,817,1440,24,900,24,0,25,1440,long,MacIntel,TONGS,59078,86894,86845
Mozilla,Netscape,"5.0 (Macintosh; Intel Mac OS X 10_15_7) AppleWebKit/605.1.15 (KHTML, like Gecko) Version/16.1 Safari/605.1.15",Inc_Synth_Nat,incongruent,1,B,07-10-22,07-10-22,07:59:18,0,0,0,0,0,798,3.6.1,soap,241,,764,817,1440,24,900,24,0,25,1440,long,MacIntel,PONY,59078,88411,88361
Mozilla,Netscape,"5.0 (Macintosh; Intel Mac OS X 10_15_7) AppleWebKit/605.1.15 (KHTML, like Gecko) Version/16.1 Safari/605.1.15",Con_Nat,congruent,1,B,07-10-22,07-10-22,07:59:18,0,0,0,0,0,798,3.6.1,reef,241,,1026,817,1440,24,900,24,0,25,1440,long,MacIntel,REEF,59078,89928,89879
Mozilla,Netscape,"5.0 (Macintosh; Intel Mac OS X 10_15_7) AppleWebKit/605.1.15 (KHTML, like Gecko) Version/16.1 Safari/605.1.15",Inc_Synth_Synth,incongruent,0,B,07-10-22,07-10-22,07:59:18,0,0,0,0,0,798,3.6.1,cake,241,,790,817,1440,24,900,24,0,25,1440,long,MacIntel,TRASH,59078,91711,91661
Mozilla,Netscape,"5.0 (Macintosh; Intel Mac OS X 10_15_7) AppleWebKit/605.1.15 (KHTML, like Gecko) Version/16.1 Safari/605.1.15",Con_Nat,congruent,1,B,07-10-22,07-10-22,07:59:18,0,0,0,0,0,798,3.6.1,peas,241,,1170,817,1440,24,900,24,0,25,1440,long,MacIntel,PEAS,59078,93261,93212
Mozilla,Netscape,"5.0 (Macintosh; Intel Mac OS X 10_15_7) AppleWebKit/605.1.15 (KHTML, like Gecko) Version/16.1 Safari/605.1.15",Inc_Nat_Synth,incongruent,1,B,07-10-22,07-10-22,07:59:18,0,0,0,0,0,798,3.6.1,wheat,241,,1346,817,1440,24,900,24,0,25,1440,long,MacIntel,BRICK,59078,95195,95144
Mozilla,Netscape,"5.0 (Macintosh; Intel Mac OS X 10_15_7) AppleWebKit/605.1.15 (KHTML, like Gecko) Version/16.1 Safari/605.1.15",Con_Synth,congruent,1,B,07-10-22,07-10-22,07:59:18,0,0,0,0,0,798,3.6.1,canoe,241,,618,817,1440,24,900,24,0,25,1440,long,MacIntel,CANOE,59078,97294,97245
Mozilla,Netscape,"5.0 (Macintosh; Intel Mac OS X 10_15_7) AppleWebKit/605.1.15 (KHTML, like Gecko) Version/16.1 Safari/605.1.15",Inc_Synth_Synth,incongruent,0,B,07-10-22,07-10-22,07:59:18,0,0,0,0,0,798,3.6.1,bell,241,,892,817,1440,24,900,24,0,25,1440,long,MacIntel,WHEEL,59078,98678,98628
Mozilla,Netscape,"5.0 (Macintosh; Intel Mac OS X 10_15_7) AppleWebKit/605.1.15 (KHTML, like Gecko) Version/16.1 Safari/605.1.15",Con_Nat,congruent,1,B,07-10-22,07-10-22,07:59:18,0,0,0,0,0,798,3.6.1,stick,241,,1031,817,1440,24,900,24,0,25,1440,long,MacIntel,STICK,59078,100328,100278
Mozilla,Netscape,"5.0 (Macintosh; Intel Mac OS X 10_15_7) AppleWebKit/605.1.15 (KHTML, like Gecko) Version/16.1 Safari/605.1.15",Inc_Nat_Nat,incongruent,0,B,07-10-22,07-10-22,07:59:18,0,0,0,0,0,798,3.6.1,sheep,241,,1165,817,1440,24,900,24,0,25,1440,long,MacIntel,BULL,59078,102111,102060
Mozilla,Netscape,"5.0 (Macintosh; Intel Mac OS X 10_15_7) AppleWebKit/605.1.15 (KHTML, like Gecko) Version/16.1 Safari/605.1.15",Inc_Nat_Synth,incongruent,1,B,07-10-22,07-10-22,07:59:18,0,0,0,0,0,798,3.6.1,olive,241,,1069,817,1440,24,900,24,0,25,1440,long,MacIntel,MOTOR,59078,104027,103978
Mozilla,Netscape,"5.0 (Macintosh; Intel Mac OS X 10_15_7) AppleWebKit/605.1.15 (KHTML, like Gecko) Version/16.1 Safari/605.1.15",Inc_Synth_Synth,incongruent,0,B,07-10-22,07-10-22,07:59:18,0,0,0,0,0,798,3.6.1,taxi,241,,857,817,1440,24,900,24,0,25,1440,long,MacIntel,CHAIN,59078,105861,105811
Mozilla,Netscape,"5.0 (Macintosh; Intel Mac OS X 10_15_7) AppleWebKit/605.1.15 (KHTML, like Gecko) Version/16.1 Safari/605.1.15",Inc_Nat_Nat,incongruent,0,B,07-10-22,07-10-22,07:59:18,0,0,0,0,0,798,3.6.1,bunny,241,,715,817,1440,24,900,24,0,25,1440,long,MacIntel,ROSE,59078,107478,107428
Mozilla,Netscape,"5.0 (Macintosh; Intel Mac OS X 10_15_7) AppleWebKit/605.1.15 (KHTML, like Gecko) Version/16.1 Safari/605.1.15",Inc_Synth_Nat,incongruent,1,B,07-10-22,07-10-22,07:59:18,0,0,0,0,0,798,3.6.1,mall,241,,1374,817,1440,24,900,24,0,25,1440,long,MacIntel,BUSH,59078,108945,108895
Mozilla,Netscape,"5.0 (Macintosh; Intel Mac OS X 10_15_7) AppleWebKit/605.1.15 (KHTML, like Gecko) Version/16.1 Safari/605.1.15",Inc_Synth_Synth,incongruent,0,B,07-10-22,07-10-22,07:59:18,0,0,0,0,0,798,3.6.1,shoe,241,,855,817,1440,24,900,24,0,25,1440,long,MacIntel,COUCH,59078,111078,111029
Mozilla,Netscape,"5.0 (Macintosh; Intel Mac OS X 10_15_7) AppleWebKit/605.1.15 (KHTML, like Gecko) Version/16.1 Safari/605.1.15",Inc_Nat_Nat,incongruent,0,B,07-10-22,07-10-22,07:59:18,0,0,0,0,0,798,3.6.1,fruit,241,,1512,817,1440,24,900,24,0,25,1440,long,MacIntel,BEAR,59078,112695,112645
Mozilla,Netscape,"5.0 (Macintosh; Intel Mac OS X 10_15_7) AppleWebKit/605.1.15 (KHTML, like Gecko) Version/16.1 Safari/605.1.15",Con_Synth,congruent,1,B,07-10-22,07-10-22,07:59:18,0,0,0,0,0,798,3.6.1,broom,241,,1251,817,1440,24,900,24,0,25,1440,long,MacIntel,BROOM,59078,114961,114912
Mozilla,Netscape,"5.0 (Macintosh; Intel Mac OS X 10_15_7) AppleWebKit/605.1.15 (KHTML, like Gecko) Version/16.1 Safari/605.1.15",Con_Nat,congruent,1,B,07-10-22,07-10-22,07:59:18,0,0,0,0,0,798,3.6.1,stone,241,,605,817,1440,24,900,24,0,25,1440,long,MacIntel,STONE,59078,116978,116928
Mozilla,Netscape,"5.0 (Macintosh; Intel Mac OS X 10_15_7) AppleWebKit/605.1.15 (KHTML, like Gecko) Version/16.1 Safari/605.1.15",Con_Synth,congruent,1,B,07-10-22,07-10-22,07:59:18,0,0,0,0,0,798,3.6.1,arrow,241,,655,817,1440,24,900,24,0,25,1440,long,MacIntel,ARROW,59078,118345,118296
Mozilla,Netscape,"5.0 (Macintosh; Intel Mac OS X 10_15_7) AppleWebKit/605.1.15 (KHTML, like Gecko) Version/16.1 Safari/605.1.15",Inc_Synth_Synth,incongruent,0,B,07-10-22,07-10-22,07:59:18,0,0,0,0,0,798,3.6.1,wire,241,,1131,817,1440,24,900,24,0,25,1440,long,MacIntel,CABIN,59078,119761,119712
Mozilla,Netscape,"5.0 (Macintosh; Intel Mac OS X 10_15_7) AppleWebKit/605.1.15 (KHTML, like Gecko) Version/16.1 Safari/605.1.15",Con_Nat,congruent,1,B,07-10-22,07-10-22,07:59:18,0,0,0,0,0,798,3.6.1,crab,241,,669,817,1440,24,900,24,0,25,1440,long,MacIntel,CRAB,59078,121661,121612
Mozilla,Netscape,"5.0 (Macintosh; Intel Mac OS X 10_15_7) AppleWebKit/605.1.15 (KHTML, like Gecko) Version/16.1 Safari/605.1.15",Con_Synth,congruent,1,B,07-10-22,07-10-22,07:59:18,0,0,0,0,0,798,3.6.1,apron,241,,648,817,1440,24,900,24,0,25,1440,long,MacIntel,APRON,59078,123095,123044
Mozilla,Netscape,"5.0 (Macintosh; Intel Mac OS X 10_15_7) AppleWebKit/605.1.15 (KHTML, like Gecko) Version/16.1 Safari/605.1.15",Inc_Nat_Nat,incongruent,0,B,07-10-22,07-10-22,07:59:18,0,0,0,0,0,798,3.6.1,shark,241,,1428,817,1440,24,900,24,0,25,1440,long,MacIntel,HILL,59078,124512,124462
Mozilla,Netscape,"5.0 (Macintosh; Intel Mac OS X 10_15_7) AppleWebKit/605.1.15 (KHTML, like Gecko) Version/16.1 Safari/605.1.15",Con_Nat,congruent,1,B,07-10-22,07-10-22,07:59:18,0,0,0,0,0,798,3.6.1,moss,241,,693,817,1440,24,900,24,0,25,1440,long,MacIntel,MOSS,59078,126695,126645
Mozilla,Netscape,"5.0 (Macintosh; Intel Mac OS X 10_15_7) AppleWebKit/605.1.15 (KHTML, like Gecko) Version/16.1 Safari/605.1.15",Con_Synth,congruent,1,B,07-10-22,07-10-22,07:59:18,0,0,0,0,0,798,3.6.1,crate,241,,721,817,1440,24,900,24,0,25,1440,long,MacIntel,CRATE,59078,128145,128096
Mozilla,Netscape,"5.0 (Macintosh; Intel Mac OS X 10_15_7) AppleWebKit/605.1.15 (KHTML, like Gecko) Version/16.1 Safari/605.1.15",Con_Nat,congruent,1,B,07-10-22,07-10-22,07:59:18,0,0,0,0,0,798,3.6.1,boar,241,,868,817,1440,24,900,24,0,25,1440,long,MacIntel,BOAR,59078,129629,129579
Mozilla,Netscape,"5.0 (Macintosh; Intel Mac OS X 10_15_7) AppleWebKit/605.1.15 (KHTML, like Gecko) Version/16.1 Safari/605.1.15",Inc_Nat_Synth,incongruent,1,B,07-10-22,07-10-22,07:59:18,0,0,0,0,0,798,3.6.1,eagle,241,,683,817,1440,24,900,24,0,25,1440,long,MacIntel,WAGON,59078,131262,131213
Mozilla,Netscape,"5.0 (Macintosh; Intel Mac OS X 10_15_7) AppleWebKit/605.1.15 (KHTML, like Gecko) Version/16.1 Safari/605.1.15",Inc_Nat_Nat,incongruent,0,B,07-10-22,07-10-22,07:59:18,0,0,0,0,0,798,3.6.1,lemon,241,,687,817,1440,24,900,24,0,25,1440,long,MacIntel,DUCK,59078,132713,132662
Mozilla,Netscape,"5.0 (Macintosh; Intel Mac OS X 10_15_7) AppleWebKit/605.1.15 (KHTML, like Gecko) Version/16.1 Safari/605.1.15",Inc_Synth_Nat,incongruent,1,B,07-10-22,07-10-22,07:59:18,0,0,0,0,0,798,3.6.1,pipe,241,,631,817,1440,24,900,24,0,25,1440,long,MacIntel,LION,59078,134162,134113
Mozilla,Netscape,"5.0 (Macintosh; Intel Mac OS X 10_15_7) AppleWebKit/605.1.15 (KHTML, like Gecko) Version/16.1 Safari/605.1.15",Inc_Nat_Synth,incongruent,1,B,07-10-22,07-10-22,07:59:18,0,0,0,0,0,798,3.6.1,swamp,241,,638,817,1440,24,900,24,0,25,1440,long,MacIntel,DRILL,59078,135563,135512
Mozilla,Netscape,"5.0 (Macintosh; Intel Mac OS X 10_15_7) AppleWebKit/605.1.15 (KHTML, like Gecko) Version/16.1 Safari/605.1.15",Inc_Nat_Synth,incongruent,1,B,07-10-22,07-10-22,07:59:18,0,0,0,0,0,798,3.6.1,cloud,241,,745,817,1440,24,900,24,0,25,1440,long,MacIntel,MOTEL,59078,136962,136913
Mozilla,Netscape,"5.0 (Macintosh; Intel Mac OS X 10_15_7) AppleWebKit/605.1.15 (KHTML, like Gecko) Version/16.1 Safari/605.1.15",Inc_Synth_Synth,incongruent,0,B,07-10-22,07-10-22,07:59:18,0,0,0,0,0,798,3.6.1,desk,241,,758,817,1440,24,900,24,0,25,1440,long,MacIntel,CANDY,59078,138462,138412
Mozilla,Netscape,"5.0 (Macintosh; Intel Mac OS X 10_15_7) AppleWebKit/605.1.15 (KHTML, like Gecko) Version/16.1 Safari/605.1.15",Con_Synth,congruent,1,B,07-10-22,07-10-22,07:59:18,0,0,0,0,0,798,3.6.1,ferry,241,,482,817,1440,24,900,24,0,25,1440,long,MacIntel,FERRY,59078,139979,139930
Mozilla,Netscape,"5.0 (Macintosh; Intel Mac OS X 10_15_7) AppleWebKit/605.1.15 (KHTML, like Gecko) Version/16.1 Safari/605.1.15",Con_Synth,congruent,1,B,07-10-22,07-10-22,07:59:18,0,0,0,0,0,798,3.6.1,jeans,241,,588,817,1440,24,900,24,0,25,1440,long,MacIntel,JEANS,59078,141229,141179
Mozilla,Netscape,"5.0 (Macintosh; Intel Mac OS X 10_15_7) AppleWebKit/605.1.15 (KHTML, like Gecko) Version/16.1 Safari/605.1.15",Inc_Synth_Nat,incongruent,1,B,07-10-22,07-10-22,07:59:18,0,0,0,0,0,798,3.6.1,barn,241,,654,817,1440,24,900,24,0,25,1440,long,MacIntel,TUNA,59078,142579,142530
Mozilla,Netscape,"5.0 (Macintosh; Intel Mac OS X 10_15_7) AppleWebKit/605.1.15 (KHTML, like Gecko) Version/16.1 Safari/605.1.15",Inc_Nat_Nat,incongruent,1,B,07-10-22,07-10-22,07:59:18,0,0,0,0,0,798,3.6.1,shell,241,,655,817,1440,24,900,24,0,25,1440,long,MacIntel,DIRT,59078,143996,143946
Mozilla,Netscape,"5.0 (Macintosh; Intel Mac OS X 10_15_7) AppleWebKit/605.1.15 (KHTML, like Gecko) Version/16.1 Safari/605.1.15",Con_Synth,congruent,1,B,07-10-22,07-10-22,07:59:18,0,0,0,0,0,798,3.6.1,linen,241,,865,817,1440,24,900,24,0,25,1440,long,MacIntel,LINEN,59078,145413,145362
Mozilla,Netscape,"5.0 (Macintosh; Intel Mac OS X 10_15_7) AppleWebKit/605.1.15 (KHTML, like Gecko) Version/16.1 Safari/605.1.15",Inc_Nat_Synth,incongruent,1,B,07-10-22,07-10-22,07:59:18,0,0,0,0,0,798,3.6.1,moose,241,,941,817,1440,24,900,24,0,25,1440,long,MacIntel,PORCH,59078,147046,146996
Mozilla,Netscape,"5.0 (Macintosh; Intel Mac OS X 10_15_7) AppleWebKit/605.1.15 (KHTML, like Gecko) Version/16.1 Safari/605.1.15",Con_Nat,congruent,1,B,07-10-22,07-10-22,07:59:18,0,0,0,0,0,798,3.6.1,plum,241,,893,817,1440,24,900,24,0,25,1440,long,MacIntel,PLUM,59078,148746,148697
Mozilla,Netscape,"5.0 (Macintosh; Intel Mac OS X 10_15_7) AppleWebKit/605.1.15 (KHTML, like Gecko) Version/16.1 Safari/605.1.15",Inc_Nat_Synth,incongruent,1,B,07-10-22,07-10-22,07:59:18,0,0,0,0,0,798,3.6.1,flood,241,,936,817,1440,24,900,24,0,25,1440,long,MacIntel,SKIRT,59078,150396,150346
Mozilla,Netscape,"5.0 (Macintosh; Intel Mac OS X 10_15_7) AppleWebKit/605.1.15 (KHTML, like Gecko) Version/16.1 Safari/605.1.15",Con_Nat,congruent,1,B,07-10-22,07-10-22,07:59:18,0,0,0,0,0,798,3.6.1,wasp,241,,815,817,1440,24,900,24,0,25,1440,long,MacIntel,WASP,59078,152096,152047
Mozilla,Netscape,"5.0 (Macintosh; Intel Mac OS X 10_15_7) AppleWebKit/605.1.15 (KHTML, like Gecko) Version/16.1 Safari/605.1.15",Inc_Nat_Nat,incongruent,1,B,07-10-22,07-10-22,07:59:18,0,0,0,0,0,798,3.6.1,ocean,241,,780,817,1440,24,900,24,0,25,1440,long,MacIntel,TREE,59078,153680,153630
Mozilla,Netscape,"5.0 (Macintosh; Intel Mac OS X 10_15_7) AppleWebKit/605.1.15 (KHTML, like Gecko) Version/16.1 Safari/605.1.15",Con_Nat,congruent,1,B,07-10-22,07-10-22,07:59:18,0,0,0,0,0,798,3.6.1,pear,241,,1343,817,1440,24,900,24,0,25,1440,long,MacIntel,PEAR,59078,155213,155163
Mozilla,Netscape,"5.0 (Macintosh; Intel Mac OS X 10_15_7) AppleWebKit/605.1.15 (KHTML, like Gecko) Version/16.1 Safari/605.1.15",Con_Synth,congruent,1,B,07-10-22,07-10-22,07:59:18,0,0,0,0,0,798,3.6.1,stair,241,,764,817,1440,24,900,24,0,25,1440,long,MacIntel,STAIR,59078,157313,157263
Mozilla,Netscape,"5.0 (Macintosh; Intel Mac OS X 10_15_7) AppleWebKit/605.1.15 (KHTML, like Gecko) Version/16.1 Safari/605.1.15",Inc_Synth_Nat,incongruent,1,B,07-10-22,07-10-22,07:59:18,0,0,0,0,0,798,3.6.1,sink,241,,806,817,1440,24,900,24,0,25,1440,long,MacIntel,LAMB,59078,158829,158780
Mozilla,Netscape,"5.0 (Macintosh; Intel Mac OS X 10_15_7) AppleWebKit/605.1.15 (KHTML, like Gecko) Version/16.1 Safari/605.1.15",Inc_Synth_Nat,incongruent,1,B,07-10-22,07-10-22,07:59:18,0,0,0,0,0,798,3.6.1,rake,241,,935,817,1440,24,900,24,0,25,1440,short,MacIntel,HUSKY,257185,257283,257234
Mozilla,Netscape,"5.0 (Macintosh; Intel Mac OS X 10_15_7) AppleWebKit/605.1.15 (KHTML, like Gecko) Version/16.1 Safari/605.1.15",Nat_Nat_Synth,incongruent,0,B,07-10-22,07-10-22,07:59:18,0,0,0,0,0,798,3.6.1,finch,241,,722,817,1440,24,900,24,0,25,1440,short,MacIntel,SLOTH,258851,258950,258900
Mozilla,Netscape,"5.0 (Macintosh; Intel Mac OS X 10_15_7) AppleWebKit/605.1.15 (KHTML, like Gecko) Version/16.1 Safari/605.1.15",Con_Nat,congruent,0,B,07-10-22,07-10-22,07:59:18,0,0,0,0,0,798,3.6.1,cave,241,,580,817,1440,24,900,24,0,25,1440,short,MacIntel,CAVE,260300,260400,260351
Mozilla,Netscape,"5.0 (Macintosh; Intel Mac OS X 10_15_7) AppleWebKit/605.1.15 (KHTML, like Gecko) Version/16.1 Safari/605.1.15",Con_Synth,congruent,1,B,07-10-22,07-10-22,07:59:18,0,0,0,0,0,798,3.6.1,paint,241,,634,817,1440,24,900,24,0,25,1440,short,MacIntel,PAINT,261601,261700,261650
Mozilla,Netscape,"5.0 (Macintosh; Intel Mac OS X 10_15_7) AppleWebKit/605.1.15 (KHTML, like Gecko) Version/16.1 Safari/605.1.15",Con_Synth,congruent,1,B,07-10-22,07-10-22,07:59:18,0,0,0,0,0,798,3.6.1,bread,241,,574,817,1440,24,900,24,0,25,1440,short,MacIntel,BREAD,262967,263067,263017
Mozilla,Netscape,"5.0 (Macintosh; Intel Mac OS X 10_15_7) AppleWebKit/605.1.15 (KHTML, like Gecko) Version/16.1 Safari/605.1.15",Inc_Synth_Nat,incongruent,1,B,07-10-22,07-10-22,07:59:18,0,0,0,0,0,798,3.6.1,arena,241,,1469,817,1440,24,900,24,0,25,1440,short,MacIntel,VINE,264268,264367,264317
Mozilla,Netscape,"5.0 (Macintosh; Intel Mac OS X 10_15_7) AppleWebKit/605.1.15 (KHTML, like Gecko) Version/16.1 Safari/605.1.15",Con_Nat,congruent,1,B,07-10-22,07-10-22,07:59:18,0,0,0,0,0,798,3.6.1,creek,241,,886,817,1440,24,900,24,0,25,1440,short,MacIntel,CREEK,266467,266567,266517
Mozilla,Netscape,"5.0 (Macintosh; Intel Mac OS X 10_15_7) AppleWebKit/605.1.15 (KHTML, like Gecko) Version/16.1 Safari/605.1.15",Inc_Nat_Nat,incongruent,0,B,07-10-22,07-10-22,07:59:18,0,0,0,0,0,798,3.6.1,fern,241,,758,817,1440,24,900,24,0,25,1440,short,MacIntel,PETAL,268085,268184,268134
Mozilla,Netscape,"5.0 (Macintosh; Intel Mac OS X 10_15_7) AppleWebKit/605.1.15 (KHTML, like Gecko) Version/16.1 Safari/605.1.15",Con_Synth,congruent,1,B,07-10-22,07-10-22,07:59:18,0,0,0,0,0,798,3.6.1,cable,241,,1067,817,1440,24,900,24,0,25,1440,short,MacIntel,CABLE,269567,269667,269618
Mozilla,Netscape,"5.0 (Macintosh; Intel Mac OS X 10_15_7) AppleWebKit/605.1.15 (KHTML, like Gecko) Version/16.1 Safari/605.1.15",Con_Synth,congruent,0,B,07-10-22,07-10-22,07:59:18,0,0,0,0,0,798,3.6.1,toast,241,,639,817,1440,24,900,24,0,25,1440,short,MacIntel,TOAST,271368,271467,271417
Mozilla,Netscape,"5.0 (Macintosh; Intel Mac OS X 10_15_7) AppleWebKit/605.1.15 (KHTML, like Gecko) Version/16.1 Safari/605.1.15",Inc_Synth_Synth,incongruent,0,B,07-10-22,07-10-22,07:59:18,0,0,0,0,0,798,3.6.1,wharf,241,,865,817,1440,24,900,24,0,25,1440,short,MacIntel,RAZOR,272734,272834,272785
Mozilla,Netscape,"5.0 (Macintosh; Intel Mac OS X 10_15_7) AppleWebKit/605.1.15 (KHTML, like Gecko) Version/16.1 Safari/605.1.15",Con_Nat,congruent,1,B,07-10-22,07-10-22,07:59:18,0,0,0,0,0,798,3.6.1,soil,241,,696,817,1440,24,900,24,0,25,1440,short,MacIntel,SOIL,274335,274434,274384
Mozilla,Netscape,"5.0 (Macintosh; Intel Mac OS X 10_15_7) AppleWebKit/605.1.15 (KHTML, like Gecko) Version/16.1 Safari/605.1.15",Inc_Synth_Synth,incongruent,0,B,07-10-22,07-10-22,07:59:18,0,0,0,0,0,798,3.6.1,silo,241,,894,817,1440,24,900,24,0,25,1440,short,MacIntel,PLAZA,275751,275850,275801
Mozilla,Netscape,"5.0 (Macintosh; Intel Mac OS X 10_15_7) AppleWebKit/605.1.15 (KHTML, like Gecko) Version/16.1 Safari/605.1.15",Con_Synth,congruent,1,B,07-10-22,07-10-22,07:59:18,0,0,0,0,0,798,3.6.1,gate,241,,815,817,1440,24,900,24,0,25,1440,short,MacIntel,GATE,277368,277467,277418
Mozilla,Netscape,"5.0 (Macintosh; Intel Mac OS X 10_15_7) AppleWebKit/605.1.15 (KHTML, like Gecko) Version/16.1 Safari/605.1.15",Con_Synth,congruent,1,B,07-10-22,07-10-22,07:59:18,0,0,0,0,0,798,3.6.1,coat,241,,758,817,1440,24,900,24,0,25,1440,short,MacIntel,COAT,278918,279017,278968
Mozilla,Netscape,"5.0 (Macintosh; Intel Mac OS X 10_15_7) AppleWebKit/605.1.15 (KHTML, like Gecko) Version/16.1 Safari/605.1.15",Inc_Synth_Nat,incongruent,1,B,07-10-22,07-10-22,07:59:18,0,0,0,0,0,798,3.6.1,torch,241,,892,817,1440,24,900,24,0,25,1440,short,MacIntel,CHIMP,280401,280501,280452
Mozilla,Netscape,"5.0 (Macintosh; Intel Mac OS X 10_15_7) AppleWebKit/605.1.15 (KHTML, like Gecko) Version/16.1 Safari/605.1.15",Con_Nat,congruent,1,B,07-10-22,07-10-22,07:59:18,0,0,0,0,0,798,3.6.1,daisy,241,,819,817,1440,24,900,24,0,25,1440,short,MacIntel,DAISY,282018,282117,282068
Mozilla,Netscape,"5.0 (Macintosh; Intel Mac OS X 10_15_7) AppleWebKit/605.1.15 (KHTML, like Gecko) Version/16.1 Safari/605.1.15",Inc_Nat_Synth,incongruent,1,B,07-10-22,07-10-22,07:59:18,0,0,0,0,0,798,3.6.1,camel,241,,626,817,1440,24,900,24,0,25,1440,short,MacIntel,BENCH,283568,283667,283618
Mozilla,Netscape,"5.0 (Macintosh; Intel Mac OS X 10_15_7) AppleWebKit/605.1.15 (KHTML, like Gecko) Version/16.1 Safari/605.1.15",Inc_Nat_Synth,incongruent,1,B,07-10-22,07-10-22,07:59:18,0,0,0,0,0,798,3.6.1,mice,241,,688,817,1440,24,900,24,0,25,1440,short,MacIntel,TOOLS,284918,285018,284968
Mozilla,Netscape,"5.0 (Macintosh; Intel Mac OS X 10_15_7) AppleWebKit/605.1.15 (KHTML, like Gecko) Version/16.1 Safari/605.1.15",Inc_Nat_Synth,incongruent,1,B,07-10-22,07-10-22,07:59:18,0,0,0,0,0,798,3.6.1,melon,241,,1061,817,1440,24,900,24,0,25,1440,short,MacIntel,HOSE,286336,286434,286385
Mozilla,Netscape,"5.0 (Macintosh; Intel Mac OS X 10_15_7) AppleWebKit/605.1.15 (KHTML, like Gecko) Version/16.1 Safari/605.1.15",Con_Nat,congruent,1,B,07-10-22,07-10-22,07:59:18,0,0,0,0,0,798,3.6.1,deer,241,,684,817,1440,24,900,24,0,25,1440,short,MacIntel,DEER,288118,288216,288168
Mozilla,Netscape,"5.0 (Macintosh; Intel Mac OS X 10_15_7) AppleWebKit/605.1.15 (KHTML, like Gecko) Version/16.1 Safari/605.1.15",Inc_Nat_Synth,incongruent,1,B,07-10-22,07-10-22,07:59:18,0,0,0,0,0,798,3.6.1,toad,241,,660,817,1440,24,900,24,0,25,1440,short,MacIntel,GLOVE,289535,289634,289585
Mozilla,Netscape,"5.0 (Macintosh; Intel Mac OS X 10_15_7) AppleWebKit/605.1.15 (KHTML, like Gecko) Version/16.1 Safari/605.1.15",Con_Nat,congruent,1,B,07-10-22,07-10-22,07:59:18,0,0,0,0,0,798,3.6.1,worm,241,,654,817,1440,24,900,24,0,25,1440,short,MacIntel,WORM,290918,291017,290969
Mozilla,Netscape,"5.0 (Macintosh; Intel Mac OS X 10_15_7) AppleWebKit/605.1.15 (KHTML, like Gecko) Version/16.1 Safari/605.1.15",Con_Synth,congruent,1,B,07-10-22,07-10-22,07:59:18,0,0,0,0,0,798,3.6.1,mail,241,,637,817,1440,24,900,24,0,25,1440,short,MacIntel,MAIL,292302,292401,292351
Mozilla,Netscape,"5.0 (Macintosh; Intel Mac OS X 10_15_7) AppleWebKit/605.1.15 (KHTML, like Gecko) Version/16.1 Safari/605.1.15",Inc_Nat_Synth,incongruent,1,B,07-10-22,07-10-22,07:59:18,0,0,0,0,0,798,3.6.1,leaf,241,,625,817,1440,24,900,24,0,25,1440,short,MacIntel,COIN,293668,293767,293718
Mozilla,Netscape,"5.0 (Macintosh; Intel Mac OS X 10_15_7) AppleWebKit/605.1.15 (KHTML, like Gecko) Version/16.1 Safari/605.1.15",Con_Synth,congruent,1,B,07-10-22,07-10-22,07:59:18,0,0,0,0,0,798,3.6.1,doll,241,,658,817,1440,24,900,24,0,25,1440,short,MacIntel,DOLL,295019,295117,295068
Mozilla,Netscape,"5.0 (Macintosh; Intel Mac OS X 10_15_7) AppleWebKit/605.1.15 (KHTML, like Gecko) Version/16.1 Safari/605.1.15",Inc_Nat_Nat,incongruent,0,B,07-10-22,07-10-22,07:59:18,0,0,0,0,0,798,3.6.1,cobra,241,,1245,817,1440,24,900,24,0,25,1440,short,MacIntel,TWIG,296402,296501,296452
Mozilla,Netscape,"5.0 (Macintosh; Intel Mac OS X 10_15_7) AppleWebKit/605.1.15 (KHTML, like Gecko) Version/16.1 Safari/605.1.15",Con_Nat,congruent,1,B,07-10-22,07-10-22,07:59:18,0,0,0,0,0,798,3.6.1,corn,241,,589,817,1440,24,900,24,0,25,1440,short,MacIntel,CORN,298368,298467,298418
Mozilla,Netscape,"5.0 (Macintosh; Intel Mac OS X 10_15_7) AppleWebKit/605.1.15 (KHTML, like Gecko) Version/16.1 Safari/605.1.15",Con_Nat,congruent,1,B,07-10-22,07-10-22,07:59:18,0,0,0,0,0,798,3.6.1,frog,241,,555,817,1440,24,900,24,0,25,1440,short,MacIntel,FROG,299685,299784,299736
Mozilla,Netscape,"5.0 (Macintosh; Intel Mac OS X 10_15_7) AppleWebKit/605.1.15 (KHTML, like Gecko) Version/16.1 Safari/605.1.15",Con_Synth,congruent,1,B,07-10-22,07-10-22,07:59:18,0,0,0,0,0,798,3.6.1,tank,241,,691,817,1440,24,900,24,0,25,1440,short,MacIntel,TANK,300969,301068,301018
Mozilla,Netscape,"5.0 (Macintosh; Intel Mac OS X 10_15_7) AppleWebKit/605.1.15 (KHTML, like Gecko) Version/16.1 Safari/605.1.15",Inc_Nat_Nat,incongruent,0,B,07-10-22,07-10-22,07:59:18,0,0,0,0,0,798,3.6.1,berry,241,,749,817,1440,24,900,24,0,25,1440,short,MacIntel,OTTER,302385,302485,302436
Mozilla,Netscape,"5.0 (Macintosh; Intel Mac OS X 10_15_7) AppleWebKit/605.1.15 (KHTML, like Gecko) Version/16.1 Safari/605.1.15",Inc_Synth_Nat,incongruent,1,B,07-10-22,07-10-22,07:59:18,0,0,0,0,0,798,3.6.1,spear,241,,761,817,1440,24,900,24,0,25,1440,short,MacIntel,MOTH,303869,303968,303919
Mozilla,Netscape,"5.0 (Macintosh; Intel Mac OS X 10_15_7) AppleWebKit/605.1.15 (KHTML, like Gecko) Version/16.1 Safari/605.1.15",Inc_Synth_Synth,incongruent,0,B,07-10-22,07-10-22,07:59:18,0,0,0,0,0,798,3.6.1,sash,241,,882,817,1440,24,900,24,0,25,1440,short,MacIntel,CLOTH,305352,305451,305402
Mozilla,Netscape,"5.0 (Macintosh; Intel Mac OS X 10_15_7) AppleWebKit/605.1.15 (KHTML, like Gecko) Version/16.1 Safari/605.1.15",Con_Synth,congruent,1,B,07-10-22,07-10-22,07:59:18,0,0,0,0,0,798,3.6.1,drug,241,,1001,817,1440,24,900,24,0,25,1440,short,MacIntel,DRUG,306970,307068,307019
Mozilla,Netscape,"5.0 (Macintosh; Intel Mac OS X 10_15_7) AppleWebKit/605.1.15 (KHTML, like Gecko) Version/16.1 Safari/605.1.15",Con_Nat,congruent,1,B,07-10-22,07-10-22,07:59:18,0,0,0,0,0,798,3.6.1,goose,241,,940,817,1440,24,900,24,0,25,1440,short,MacIntel,GOOSE,308702,308802,308753
Mozilla,Netscape,"5.0 (Macintosh; Intel Mac OS X 10_15_7) AppleWebKit/605.1.15 (KHTML, like Gecko) Version/16.1 Safari/605.1.15",Con_Synth,congruent,1,B,07-10-22,07-10-22,07:59:18,0,0,0,0,0,798,3.6.1,belt,241,,747,817,1440,24,900,24,0,25,1440,short,MacIntel,BELT,310370,310468,310419
